@article{Hong2016,
    title = {{ Towards SDN-Defined Programmable BYOD (Bring Your Own Device) Security }},
    year = {2016},
    journal = {Ndss},
    author = {Hong, Sungmin and Baykov, Robert and Xu, Lei and Nadimpalli, Srinath and Gu, Guofei},
    number = {February},
    pages = {21--24},
    isbn = {189156241X}
}

@article{Alaluna2015,
    title = {{(Literally) above the clouds: virtualizing the network over multiple clouds}},
    year = {2015},
    author = {Alaluna, Max and Ramos, Fernando M. V. and Neves, Nuno},
    url = {http://arxiv.org/abs/1512.01196},
    arxivId = {1512.01196}
}

@article{CarletonUniversity2013a,
    title = {{2015-06: Critical Infrastructures and Cybersecurity}},
    year = {2013},
    journal = {Technology Innovation Management Review},
    author = {{Carleton University}},
    number = {November},
    pages = {1--45},
    volume = {5}
}

@article{Hu2015,
    title = {{A comprehensive security architecture for SDN}},
    year = {2015},
    journal = {2015 18th International Conference on Intelligence in Next Generation Networks, ICIN 2015},
    author = {Hu, Zhiyuan and Wang, Mingwen and Yan, Xueqiang and Yin, Yueming and Luo, Zhigang},
    pages = {30--37},
    publisher = {IEEE},
    isbn = {9781479918669},
    doi = {10.1109/ICIN.2015.7073803},
    keywords = {SDN, Security Architecture}
}

@article{Manna:1980:DAP:357084.357090,
    title = {{A Deductive Approach to Program Synthesis}},
    year = {1980},
    journal = {ACM Trans. Program. Lang. Syst.},
    author = {Manna, Zohar and Waldinger, Richard},
    number = {1},
    pages = {90--121},
    volume = {2},
    doi = {10.1145/357084.357090},
    arxivId = {http://doi.acm.org/10.1145/357084.357090}
}

@article{Shin2015,
    title = {{A first step toward network security virtualization: From concept to prototype}},
    year = {2015},
    journal = {IEEE Transactions on Information Forensics and Security},
    author = {Shin, Seungwon and Wang, Haopei and Gu, Guofei},
    number = {10},
    pages = {2236--2249},
    volume = {10},
    doi = {10.1109/TIFS.2015.2453936},
    issn = {15566013},
    keywords = {Security, Software-Defined Networking, Virtualization}
}

@article{Cuppens,
    title = {{A formal approach to specify and deploy a network security policy}},
    year = {2004},
    journal = {IFIP World Computer Congress},
    author = {Cuppens, F. and Cuppens-Boulahia, N. and Sans, T. and Mi{\`{e}}ge, A},
    pages = {203--218}
}

@article{Matousek2008,
    title = {{A formal model for network-wide security analysis}},
    year = {2008},
    journal = {Proceedings - Fifteenth IEEE International Conference and Workshops on the Engineering of Computer-Based Systems, ECBS 2008},
    author = {Matou{\v{s}}ek, Petr and R{\'{a}}b, Jaroslav and Ry{\v{s}}av{\'{y}}, Ond≈ôej and {\v{S}}v{\'{e}}da, Miroslav},
    pages = {171--181},
    isbn = {0769531415},
    doi = {10.1109/ECBS.2008.13}
}

@article{Wang2015,
    title = {{A Framework for Security-Aware Virtual Network Embedding}},
    year = {2015},
    author = {Wang, Yang and Chau, Phanvu and Chen, Fuyu},
    isbn = {9781479999644},
    keywords = {A Framework for Security-Aware Virtual Network Emb}
}

@article{Chen2009,
    title = {{A game theoretical framework on intrusion detection in heterogeneous networks}},
    year = {2009},
    journal = {IEEE Transactions on Information Forensics and Security},
    author = {Chen, Lin and Leneutre, Jean},
    number = {2},
    pages = {165--178},
    volume = {4},
    doi = {10.1109/TIFS.2009.2019154},
    issn = {15566013},
    keywords = {Game theory, Intrusion detection system (IDS), Nash equilibrium (NE)}
}

@inproceedings{interdep-ismail2017,
    title = {{A Game Theoretical Model for Optimal Distribution of Network Security Resources}},
    year = {2017},
    booktitle = {Lecture Notes in Computer Science (including subseries Lecture Notes in Artificial Intelligence and Lecture Notes in Bioinformatics)},
    author = {Ismail, Ziad and Kiennert, Christophe and Leneutre, Jean and Chen, Lin},
    pages = {234--255},
    volume = {10575 LNCS},
    isbn = {9783319687100},
    doi = {10.1007/978-3-319-68711-7{\_}13},
    issn = {16113349},
    keywords = {Intrusion detection, Non-cooperative game theory, Optimization}
}

@article{Kantzavelou2010,
    title = {{A game-based intrusion detection mechanism to confront internal attackers}},
    year = {2010},
    journal = {Computers and Security},
    author = {Kantzavelou, Ioanna and Katsikas, Sokratis},
    number = {8},
    pages = {859--874},
    volume = {29},
    publisher = {Elsevier Ltd},
    url = {http://dx.doi.org/10.1016/j.cose.2010.06.002},
    isbn = {0167-4048},
    doi = {10.1016/j.cose.2010.06.002},
    issn = {01674048},
    keywords = {Detection mechanism, Internal attacker, Intrusion detection, Non-cooperative game theory, Quantal response equilibrium, Repeated game}
}

@article{otrok2,
    title = {{A game-theoretic intrusion detection model for mobile ad hoc networks}},
    year = {2008},
    journal = {Computer Communications},
    author = {Otrok, Hadi and Mohammed, Noman and Wang, Lingyu and Debbabi, Mourad and Bhattacharya, Prabir},
    number = {4},
    pages = {708--721},
    volume = {31},
    doi = {10.1016/j.comcom.2007.10.024},
    issn = {01403664},
    keywords = {Cooperative and non-cooperative game theory, Intrusion detection system, MANET security, Mechanism design}
}

@article{Zhu2009b,
    title = {{A game-theoretical approach to incentive design in collaborative intrusion detection networks}},
    year = {2009},
    journal = {Proceedings of the 2009 International Conference on Game Theory for Networks, GameNets '09},
    author = {Zhu, Quanyan and Fung, Carol and Boutaba, Raouf and Ba{\c{s}}ar, Tamer},
    pages = {384--392},
    isbn = {9781424441778},
    doi = {10.1109/GAMENETS.2009.5137424}
}

@article{mitigateAPT-johnson2013,
    title = {{A graph analytic metric for mitigating advanced persistent threat}},
    year = {2013},
    journal = {IEEE ISI 2013 - 2013 IEEE International Conference on Intelligence and Security Informatics: Big Data, Emergent Threats, and Decision-Making in Security Informatics},
    author = {Johnson, John R. and Hogan, Emilie A.},
    pages = {129--133},
    isbn = {9781467362115},
    doi = {10.1109/ISI.2013.6578801},
    keywords = {cybersecurity, discrete mathematics, graph theory}
}

@article{snark-Stickel2000,
    title = {{A guide to SNARK}},
    year = {2000},
    journal = {SRI International, Menlo Park, {\ldots}},
    author = {Stickel, ME and Waldinger, RJ and Chaudhri, VK},
    number = {March},
    url = {http://www.ai.sri.com/pubs/files/784.pdf}
}

@article{Bays2014,
    title = {{A heuristic-based algorithm for privacy-oriented virtual network embedding}},
    year = {2014},
    journal = {IEEE/IFIP NOMS 2014 - IEEE/IFIP Network Operations and Management Symposium: Management in a Software Defined World},
    author = {Bays, Leonardo Richter and Oliveira, Rodrigo Ruas and Buriol, Luciana Salete and Barcellos, Marinho Pilla and Gaspary, Luciano Paschoal},
    pages = {1--8},
    publisher = {IEEE},
    isbn = {9781479909131},
    doi = {10.1109/NOMS.2014.6838360}
}

@article{HLPSL-Chevalier2004,
    title = {{A High Level Protocol Specification Language for Industrial Security-Sensitive Protocols}},
    year = {2004},
    journal = {Austrian Computer Society},
    author = {Chevalier, Y and Compagna, L and Cuellar, J and Hankes Drielsma, P and Mantovani, J and M{\"{o}}dersheim, S and Vigneron, L},
    pages = {350--357}
}

@article{Tesauro2006,
    title = {{A hybrid reinforcement learning approach to autonomic resource allocation}},
    year = {2006},
    journal = {Proceedings - 3rd International Conference on Autonomic Computing, ICAC 2006},
    author = {Tesauro, Gerald and Jong, Nicholas K. and Das, Rajarshi and Bennani, Mohamed N.},
    pages = {65--73},
    volume = {2006},
    isbn = {1424401755}
}

@article{lpmedical-kwak1997,
    title = {{A linear goal programming model for human resource allocation in a health-care organization}},
    year = {1997},
    journal = {Journal of Medical Systems},
    author = {Kwak, N. K. and Lee, Changwon},
    number = {3},
    pages = {129--140},
    volume = {21},
    doi = {10.1023/A:1022850505219},
    issn = {01485598},
    keywords = {GP model, Health care, Shift hours}
}

@article{bellman1957,
    title = {{A Markovian Decision Process}},
    year = {1957},
    journal = {Indiana University Mathematics Journal},
    author = {Bellman, Richard},
    number = {4},
    pages = {679--684},
    volume = {6}
}

@article{Porras2012,
    title = {{A security enforcement kernel for OpenFlow networks}},
    year = {2012},
    journal = {Proceedings of the first workshop on Hot topics in software defined networks - HotSDN '12},
    author = {Porras, Philip and Shin, Seungwon and Yegneswaran, Vinod and Fong, Martin and Tyson, Mabry and Gu, Guofei},
    pages = {121},
    url = {http://dl.acm.org/citation.cfm?doid=2342441.2342466},
    isbn = {9781450314770},
    doi = {10.1145/2342441.2342466},
    keywords = {openflow, policy enforcement, security}
}

@article{Roy2010,
    title = {{A survey of game theory as applied to network security}},
    year = {2010},
    journal = {Proceedings of the Annual Hawaii International Conference on System Sciences},
    author = {Roy, Sankardas and Ellis, Charles and Shiva, Sajjan and Dasgupta, Dipankar and Shandilya, Vivek and Wu, Qishi},
    pages = {1--10},
    publisher = {IEEE},
    isbn = {9780769538693},
    doi = {10.1109/HICSS.2010.35},
    issn = {15301605}
}

@article{DelPiccolo2016,
    title = {{A Survey of network isolation solutions for multi-tenant data centers.}},
    year = {2016},
    journal = {IEEE Communications Surveys {\&} Tutorials},
    author = {Del Piccolo, Valentin and Amamou, Ahmed and Haddadou, Kamel and Pujolle, Guy},
    number = {Figure 1},
    pages = {1--1},
    url = {http://ieeexplore.ieee.org/lpdocs/epic03/wrapper.htm?arnumber=7457217},
    doi = {10.1109/COMST.2016.2556979},
    issn = {1553-877X}
}

@article{NetVirtSurvey2010,
    title = {{A survey of network virtualization}},
    year = {2010},
    journal = {Computer Networks},
    author = {Chowdhury, N. M Mosharaf Kabir and Boutaba, Raouf},
    number = {5},
    pages = {862--876},
    volume = {54},
    publisher = {Elsevier B.V.},
    url = {http://dx.doi.org/10.1016/j.comnet.2009.10.017},
    isbn = {1389-1286},
    doi = {10.1016/j.comnet.2009.10.017},
    issn = {13891286},
    keywords = {Network virtualization, Next-generation Internet architecture, Virtual networks}
}

@article{Coughlin,
    title = {{A Survey of SDN Security Research}},
    journal = {Ngn.Cs.Colorado.Edu},
    author = {Coughlin, M},
    url = {https://ngn.cs.colorado.edu/~coughlin/doc/a_survey_of_sdn_security_research.pdf}
}

@article{Scott-Hayward2016,
    title = {{A survey of security in software defined networks}},
    year = {2016},
    journal = {IEEE Communications Surveys and Tutorials},
    author = {Scott-Hayward, Sandra and Natarajan, Sriram and Sezer, Sakir},
    number = {1},
    pages = {623--654},
    volume = {18},
    publisher = {IEEE},
    doi = {10.1109/COMST.2015.2453114},
    issn = {1553877X},
    keywords = {Network security, OpenFlow, SDN, Secure SDN architecture, Software-defined networking}
}

@article{Kiennert2018,
    title = {{A Survey on Game-Theoretic Approaches for Intrusion Detection and Response Optimization}},
    year = {2018},
    journal = {ACM Computing Surveys},
    author = {Kiennert, Christophe and Ismail, Ziad and Debar, Herve and Leneutre, Jean},
    number = {5},
    pages = {1--31},
    volume = {51},
    url = {http://dl.acm.org/citation.cfm?doid=3271482.3232848},
    isbn = {1072-4710},
    doi = {10.1145/3232848},
    issn = {03600300},
    pmid = {6547660}
}

@article{survey-Bauman2015,
    title = {{A Survey on Hypervisor-Based Monitoring}},
    year = {2015},
    journal = {ACM Computing Surveys},
    author = {Bauman, Erick and Ayoade, Gbadebo and Lin, Zhiqiang},
    number = {1},
    pages = {1--33},
    volume = {48},
    url = {http://dx.doi.org/10.1145/2775111\nhttp://dl.acm.org/citation.cfm?doid=2808687.2775111},
    isbn = {0360-0300},
    doi = {10.1145/2775111},
    issn = {03600300},
    keywords = {Categories and Subject Descriptors, D46 [Operating Systems], Security Additional Key Words and Phrases, Security and Protection General Terms, VM, Virtualization, detection, hypervisor, in-tegrity, introspection, isolation, malware, monitoring, semantic gap, virtual machine monitor}
}

@article{Jang2015,
    title = {{A Survey on Interfaces to Network Security Functions in Network Virtualization}},
    year = {2015},
    journal = {Proceedings - IEEE 29th International Conference on Advanced Information Networking and Applications Workshops, WAINA 2015},
    author = {Jang, Hyunsu and Jeong, Jaehoon Paul and Kim, Hyoungshick and Park, Jung Soo},
    pages = {160--163},
    isbn = {9781479917747},
    doi = {10.1109/WAINA.2015.103},
    keywords = {IETF, Interfaces, Network Security Functions, Network Virtualization}
}

@article{Shetty2012,
    title = {{A Survey on Techniques of Secure Live Migration of Virtual Machine}},
    year = {2012},
    journal = {International Journal of Computer Applications},
    author = {Shetty, Jyoti and M R, Anala and G, Shobha},
    number = {12},
    pages = {34--39},
    volume = {39},
    doi = {10.5120/4875-7305},
    keywords = {live migration, machine, security, virtual machine monitor, virtualization}
}

@article{Mendiola2017c,
    title = {{A survey on the contributions of Software-Defined Networking to Traffic EngineeringMendiola, A., Astorga, J., {\&} Jacob, E. (2017). A survey on the contributions of Software-Defined Networking to Traffic Engineering. Surveys {\&} Tutorials. Retrieved from http}},
    year = {2017},
    journal = {Surveys {\&} Tutorials},
    author = {Mendiola, A and Astorga, J and Jacob, E},
    number = {2},
    pages = {918--953},
    volume = {19},
    url = {http://ieeexplore.ieee.org/abstract/document/7762818/}
}

@article{Reuben2007,
    title = {{A survey on virtual machine security}},
    year = {2007},
    journal = {Helsinki University of Technology},
    author = {Reuben, Js},
    pages = {5},
    url = {http://www.tml.tkk.fi/Publications/C/25/papers/Reuben_final.pdf?q=attacks-on-virtual-machine-emulators},
    keywords = {benefits, security, threats, virtualization}
}

@article{Wang2017d,
    title = {{A Switch Migration-Based Decision-Making Scheme for Balancing Load in SDN}},
    year = {2017},
    journal = {IEEE Access},
    author = {Wang, Chuan'An and Hu, Bo and Chen, Shanzhi and Li, Desheng and Liu, Bin},
    pages = {4537--4544},
    volume = {5},
    doi = {10.1109/ACCESS.2017.2684188},
    issn = {21693536},
    keywords = {Software-defined networking, load balancing, migration cost, migration efficiency, switch migration}
}

@article{Zangiabady2017e,
    title = {{A virtual network migration approach and analysis for enhanced online virtual network embedding}},
    year = {2017},
    journal = {Network and Service Management (CNSM), 2016 12th International Conference},
    author = {Zangiabady, M. and Aguilar-Fuster, C. and Rubio-Loyola, J.},
    number = {c},
    pages = {324--329},
    volume = {2},
    isbn = {9783901882852},
    doi = {10.1109/CNSM.2016.7818441},
    keywords = {Quality of Service, Virtual Link Migration Problem, Virtual Network Embedding, Virtual Network acceptance ratio improvement, Virtual network migration}
}

@inproceedings{abstraction-reitblatt2012,
    title = {{Abstractions for network update.}},
    year = {2012},
    booktitle = {SIGCOMM 2012 conference on Applications, technologies, architectures, and protocols for computer communication},
    author = {Reitblatt, M., Foster, N., Rexford, J., Schlesinger, C., {\&} Walker, D.},
    pages = {323--334},
    isbn = {9781450314190},
    keywords = {consistency, constant state of flux, flow, frenetic, network programming languages, networks exist in a, open-, operators frequently, planned change, software-defined networking}
}

@article{Huang2018,
    title = {{Adaptive Strategic Cyber Defense for Advanced Persistent Threats in Critical Infrastructure Networks}},
    year = {2018},
    author = {Huang, Linan and Zhu, Quanyan},
    url = {http://arxiv.org/abs/1809.02227},
    arxivId = {1809.02227}
}

@article{Shalimov2013,
    title = {{Advanced study of SDN/OpenFlow controllers}},
    year = {2013},
    journal = {Proceedings of the 9th Central {\&} Eastern European Software Engineering Conference in Russia on - CEE-SECR '13},
    author = {Shalimov, Alexander and Zuikov, Dmitry and Zimarina, Daria and Pashkov, Vasily and Smeliansky, Ruslan},
    number = {July 2015},
    pages = {1--6},
    url = {http://dl.acm.org/citation.cfm?id=2556610.2556621},
    isbn = {9781450326414},
    doi = {10.1145/2556610.2556621},
    keywords = {Haskell, OpenFlow, SDN, controllers evaluation, latency, openflow, sdn, throughput}
}

@article{Elderman2017,
    title = {{Adversarial reinforcement learning in a cyber security simulation}},
    year = {2017},
    journal = {ICAART 2017 - Proceedings of the 9th International Conference on Agents and Artificial Intelligence},
    author = {Elderman, Richard and Pater, Leon J.J. and Thie, Albert S. and Drugan, Madalina M. and Wiering, Marco A.},
    number = {Icaart},
    pages = {559--566},
    volume = {2},
    isbn = {9789897582202},
    doi = {10.5220/0006197105590566},
    keywords = {Adversarial Setting, Cyber Security in Networks, Markov Games, Reinforcement Learning}
}

@article{fragment-Liu2018,
    title = {{An algorithm for fragment-aware virtual network reconfiguration}},
    year = {2018},
    journal = {PLoS ONE},
    author = {Liu, Xinbo and Wang, Buhong},
    number = {11},
    pages = {1--16},
    volume = {13},
    isbn = {1111111111},
    doi = {10.1371/journal.pone.0207705},
    issn = {19326203}
}

@article{sidechannel-Atici2013,
    title = {{An approach for isolating the sources of information leakage exploited in cache-based side-channel attacks}},
    year = {2013},
    journal = {Proceedings - 7th International Conference on Software Security and Reliability Companion, SERE-C 2013},
    author = {Atici, Ali Can and Yilmaz, Cemal and Savas, Erkay},
    pages = {74--83},
    isbn = {978-1-4799-2925-2},
    doi = {10.1109/SERE-C.2013.15},
    keywords = {Cache-timing attacks, Side channel attacks, Side-channel leakage analysis}
}

@article{Wang2016a,
    title = {{An Efficient Flow Control Approach for SDN-based Network Threat Detection and Migration Using Support Vector Machine}},
    year = {2016},
    journal = {e-Business Engineering (ICEBE), 2016 IEEE 13th International Conference on},
    author = {Wang, Ping and Lin, Wen-hui},
    pages = {56--63},
    isbn = {9781509061198},
    doi = {10.1109/ICEBE.2016.10},
    keywords = {- software-defined networking, ensure the privacy and, id3 decision tree, network threat, nids, openflow devices provide network-layer, privacy control mechanisms to, security and, support vector machine}
}

@article{navarro2008,
    title = {{An Intelligent Vertical Handoff Decision Algorithm for Heterogeneous Wireless Networks}},
    year = {2008},
    journal = {IEEE Transactions on Vehicular Technology},
    author = {Stevens-Navarro, E. and Lin, Y. and Wong, V. W},
    number = {2},
    pages = {1243--1254},
    volume = {57},
    isbn = {9783319031064},
    doi = {10.1007/978-3-319-03107-1{\_}36},
    issn = {21945357}
}

@article{Liang2012,
    title = {{An SMDP-based service model for interdomain resource allocation in mobile cloud networks}},
    year = {2012},
    journal = {IEEE Transactions on Vehicular Technology},
    author = {Liang, Hongbin and Cai, Lin X. and Huang, Dijiang and Shen, Xuemin and Peng, Daiyuan},
    number = {5},
    pages = {2222--2232},
    volume = {61},
    doi = {10.1109/TVT.2012.2194748},
    issn = {00189545},
    keywords = {Blocking probability, mobile cloud computing service domain, semi-Markov decision process (SMDP), system rewards}
}

@article{Shin2013b,
    title = {{Attacking software-defined networks}},
    year = {2013},
    journal = {Proceedings of the second ACM SIGCOMM workshop on Hot topics in software defined networking - HotSDN '13},
    author = {Shin, Seungwon and Gu, Guofei},
    pages = {165},
    url = {http://dl.acm.org/citation.cfm?id=2491220\nhttp://dl.acm.org/citation.cfm?doid=2491185.2491220},
    isbn = {9781450321785},
    doi = {10.1145/2491185.2491220},
    keywords = {and, attack, cally enforce flow rules, dynami-, in a sdn environment, network security, requires, software defined networking, the control plane can, when the data plane}
}

@article{attain-Ujcich2017,
    title = {{ATTAIN: An Attack Injection Framework for Software-Defined Networking}},
    year = {2017},
    journal = {Proceedings - 47th Annual IEEE/IFIP International Conference on Dependable Systems and Networks, DSN 2017},
    author = {Ujcich, Benjamin E. and Thakore, Uttam and Sanders, William H.},
    pages = {567--578},
    isbn = {9781538605417},
    doi = {10.1109/DSN.2017.59},
    keywords = {OpenFlow, SDN, attack injection, attack language, attack model, dependability, fault injection, security, software testing, software-defined networking}
}

@article{AutoSlice-Bozakov2012,
    title = {{AutoSlice: Automated and Scalable Slicing for Software-Defined Networks}},
    year = {2012},
    journal = {Proceedings of the 2012 ACM conference on CoNEXT student workshop - CoNEXT Student '12},
    author = {Bozakov, Zdravko and Papadimitriou, Panagiotis},
    pages = {3},
    url = {http://dl.acm.org/citation.cfm?doid=2413247.2413251},
    isbn = {9781450317795},
    doi = {10.1145/2413247.2413251},
    keywords = {caching, network virtualization, software-defined network}
}

@article{avantguard-Shin2013,
    title = {{AVANT-GUARD : Scalable and Vigilant Switch Flow Management in Software-Defined Networks Categories and Subject Descriptors}},
    year = {2013},
    author = {Shin, Seungwon},
    pages = {413--424},
    isbn = {9781450324779},
    keywords = {all or part of, control plane satura-, openflow, or, or hard copies of, permission to make digital, sdn, security and resilience, software-defined network, this work for personal, tion attack}
}

@misc{avispa,
    title = {{AVISPA}},
    url = {http://www.avispa-project.org}
}

@article{Perez-Botero2013,
    title = {{Characterizing hypervisor vulnerabilities in cloud computing servers}},
    year = {2013},
    journal = {Proceedings of the 2013 international workshop on Security in cloud computing - Cloud Computing '13},
    author = {Perez-Botero, Diego and Szefer, Jakub and Lee, Ruby B.},
    number = {May},
    pages = {3},
    url = {http://dl.acm.org/citation.cfm?doid=2484402.2484406},
    isbn = {9781450320672},
    doi = {10.1145/2484402.2484406},
    keywords = {attack vectors, hypervisor vulnerabilities, secure cloud computing, virtualization, vulnerability categorization}
}

@article{Sengupta2011,
    title = {{Cloud Computing Security--Trends and Research Directions}},
    year = {2011},
    journal = {2011 IEEE World Congress on Services},
    author = {Sengupta, Shubhashis and Kaulgud, Vikrant and Sharma, Vibhu Saujanya},
    number = {October},
    pages = {524--531},
    isbn = {978-0-7695-4461-8},
    doi = {10.1109/SERVICES.2011.20},
    issn = {18770428},
    keywords = {Cloud Computing, Data integrity, Security, Survey, Trusted Computing, confidentiality}
}

@article{AlZain2011,
    title = {{Cloud computing security: From single to multi-clouds}},
    year = {2011},
    journal = {Proceedings of the Annual Hawaii International Conference on System Sciences},
    author = {AlZain, Mohammed A. and Pardede, Eric and Soh, Ben and Thom, James A.},
    pages = {5490--5499},
    isbn = {9780769545257},
    doi = {10.1109/HICSS.2012.153},
    issn = {15301605},
    keywords = {Cloud computing, Cloud storage, Data integrity, Data intrusion, Multi-clouds, Service availability, Single cloud}
}

@article{cloudwatcher-shin,
    title = {{CloudWatcher: Network Security Monitoring Using OpenFlow in Dynamic Cloud Networks}},
    author = {Shin, Seungwon and Gu, Guofei},
    url = {http://people.tamu.edu/~seungwon.shin/Cloudwatcher.pdf}
}

@misc{sharding,
    title = {{Cluster Sharding mechanism}},
    url = {https://doc.akka.io/docs/akka/current/cluster-sharding.html}
}

@article{coconut-ghorbani2017,
    title = {{COCONUT: Seamless scale-out of network elements}},
    year = {2017},
    journal = {EuroSys 2017},
    author = {Ghorbani, S and Godfrey, P B},
    pages = {32--47},
    url = {https://www.scopus.com/inward/record.uri?eid=2-s2.0-85019189612&doi=10.1145%2F3064176.3064201&partnerID=40&md5=552530910fe88686187bd3aaf3377b83},
    isbn = {9781450349383},
    doi = {10.1145/3064176.3064201},
    keywords = {consistency, correctness, network functions, one big switch, one-, replication, software defined networking, to-many mapping, virtualization, weak causal}
}

@article{Chen2014,
    title = {{Collaborative network security in multi-tenant data center for cloud computing}},
    year = {2014},
    author = {Chen, Zhen and Dong, Wenyu and Li, Hang and Zhang, Peng and Chen, Xinming and Cao, Junwei},
    number = {1},
    pages = {82--94},
    volume = {19},
    doi = {10.1109/TST.2014.6733211},
    issn = {10070214},
    keywords = {Collaborative work, Logic gates, Middleboxes, Network topology, Security, Virtualization, cloud computing, collaborative network security, data center network, intelligent flow processing, multi-tenant, network security, network virtualization, software defined network}
}

@article{Bakshi2013,
    title = {{Considerations for Software Defined Networking (SDN): Approaches and use cases}},
    year = {2013},
    journal = {IEEE Aerospace Conference Proceedings},
    author = {Bakshi, Kapil},
    pages = {1--9},
    isbn = {9781467318112},
    doi = {10.1109/AERO.2013.6496914},
    issn = {1095323X}
}

@article{Wang2017e,
    title = {{Consistent State Updates for Virtualized Network Function Migration}},
    year = {2017},
    journal = {IEEE Transactions on Services Computing},
    author = {Wang, Wenxin and Liu, Yujie and Li, Yong and Song, Haoyu and Wang, Yue and Yuan, Jian},
    pages = {1--8},
    doi = {10.1109/TSC.2017.2765636},
    issn = {19391374},
    keywords = {Computer architecture, Control systems, Network function virtualization, Noise measurement, Optimization, Process control, Software-defined networks, network function migration, state consistency, virtualized network function}
}

@inproceedings{Varasteh2019,
    title = {{Coupling VNF Orchestration and SDN Virtual Network Reconfiguration}},
    year = {2019},
    booktitle = {International Conference on Networked Systems (NetSys)},
    author = {Varasteh, Amir and Basta, Arsany and Blenk, Andreas and Pries, Rastin and Jarschel, Michael and Kellerer, Wolfgang},
    pages = {5--7},
    isbn = {9781728105680}
}

@article{CoVisor-Jin2015,
    title = {{CoVisor: A Compositional Hypervisor for Software-Defined Networks}},
    year = {2015},
    journal = {Proceedings of the 12th USENIX Symposium on Networked Systems Design and Implementation (NSDI)},
    author = {Jin, Xin and Gossels, Jennifer and Rexford, Jennifer and Walker, David},
    pages = {87--101},
    isbn = {9781931971218}
}

@article{Chowdhury2016d,
    title = {{Dedicated Protection for Survivable Virtual Network Embedding}},
    year = {2016},
    journal = {IEEE Transactions on Network and Service Management},
    author = {Chowdhury, Shihabur Rahman and Ahmed, Reaz and Khan, Md Mashrur Alam and Shahriar, Nashid and Boutaba, Raouf and Mitra, Jeebak and Zeng, Feng},
    number = {4},
    pages = {913--926},
    volume = {13},
    doi = {10.1109/TNSM.2016.2574239},
    issn = {19324537},
    keywords = {Survivable virtual network embedding, network survivability and resilience, optimization techniques}
}

@article{Zheng2019,
    title = {{Defending SDN-based IoT Networks Against DDoS Attacks Using Markov Decision Process}},
    year = {2019},
    journal = {Proceedings - 2018 IEEE International Conference on Big Data, Big Data 2018},
    author = {Zheng, Jianjun and Namin, Akbar Siami},
    pages = {4589--4592},
    publisher = {IEEE},
    isbn = {9781538650356},
    doi = {10.1109/BigData.2018.8622064},
    keywords = {DDoS, Internet of Things, Markov Decision Process, Software-Defined Networking}
}

@article{vnm-lo2013,
    title = {{Design and Analysis of Schedules for Virtual Network Migration}},
    year = {2013},
    journal = {IFIP Networking Conference},
    author = {Lo, Samantha and Ammar, Mostafa and Zegura, Ellen},
    pages = {1--9}
}

@inproceedings{MuraliKodialam2003,
    title = {{Detecting network intrusions via sampling: a game theoretic approach}},
    year = {2003},
    booktitle = {IEEE INFOCOM 2003. Twenty-second Annual Joint Conference of the IEEE Computer and Communications Societies},
    author = {{Murali Kodialam} and Lakshman, T.V.},
    pages = {1880--1889},
    isbn = {0780377532},
    doi = {10.1109/infcom.2003.1209210}
}

@article{Phemius2014,
    title = {{DISCO: Distributed multi-domain SDN controllers}},
    year = {2014},
    journal = {IEEE/IFIP NOMS 2014 - IEEE/IFIP Network Operations and Management Symposium: Management in a Software Defined World},
    author = {Phemius, K??vin and Bouet, Mathieu and Leguay, J??r??mie},
    isbn = {9781479909131},
    doi = {10.1109/NOMS.2014.6838330},
    arxivId = {arXiv:1308.6138v2}
}

@article{Ko2017c,
    title = {{Dynamic failover for SDN-based virtual networks}},
    year = {2017},
    journal = {2017 IEEE Conference on Network Softwarization: Softwarization Sustaining a Hyper-Connected World: en Route to 5G, NetSoft 2017},
    author = {Ko, Kyungchan and Son, Dongho and Hyun, Jonghwan and Li, Jian and Han, Yoonseon and Hong, James Won Ki},
    isbn = {9781509060085},
    doi = {10.1109/NETSOFT.2017.8004200},
    keywords = {Failover, SDN, Virtual Network}
}

@article{Zhu2009,
    title = {{Dynamic policy-based IDS configuration}},
    year = {2009},
    journal = {Proceedings of the IEEE Conference on Decision and Control},
    author = {Zhu, Quanyan and Ba{\c{s}}ar, Tamer},
    pages = {8600--8605},
    isbn = {9781424438716},
    doi = {10.1109/CDC.2009.5399894},
    issn = {01912216}
}

@book{policyiteration,
    title = {{Dynamic programming and Markov processes}},
    year = {1960},
    author = {Howard, R. A},
    editor = {Wiley, John}
}

@book{qlearning,
    title = {{Dynamic programming and optimal control}},
    year = {2000},
    author = {Bertsekas, Dimitri P},
    publisher = {Athena scientific Belmont, MA}
}

@article{empirical-oberheide2008,
    title = {{Empirical exploitation of live virtual machine migration}},
    year = {2008},
    journal = {Proc. of BlackHat DC {\ldots}},
    author = {Oberheide, Jon and Cooke, Evan and Jahanian, Farnam},
    number = {Vmm},
    url = {http://63.236.103.240/presentations/bh-dc-08/Oberheide/Whitepaper/bh-dc-08-oberheide-WP.pdf},
    doi = {10.1.1.173.2903}
}

@article{Carrozza2013,
    title = {{Exploiting SDN approach to tackle cloud computing security issues in the ATC scenario}},
    year = {2013},
    journal = {Lecture Notes in Computer Science (including subseries Lecture Notes in Artificial Intelligence and Lecture Notes in Bioinformatics)},
    author = {Carrozza, Gabriella and Manetti, Vittorio and Marotta, Antonio and Canonico, Roberto and Avallone, Stefano},
    pages = {54--60},
    volume = {7869 LNCS},
    isbn = {9783642387883},
    doi = {10.1007/978-3-642-38789-0{\_}5},
    issn = {03029743}
}

@article{Kanaoka2009,
    title = {{Extraction of Parameters from Well Managed Networked System in Access Control}},
    year = {2009},
    journal = {2009 Fourth International Conference on Internet Monitoring and Protection},
    author = {Kanaoka, Akira and Katoh, Masahiko and Toudou, Nobukatsu and Okamoto, Eiji},
    pages = {56--61},
    url = {http://ieeexplore.ieee.org/document/5076349/},
    isbn = {978-1-4244-3839-6},
    doi = {10.1109/ICIMP.2009.17}
}

@article{HyperNet-Huang2013a,
    title = {{Fast-tracking GENI experiments using HyperNets}},
    year = {2013},
    journal = {Proceedings - 2013 2nd GENI Research and Educational Experiment Workshop, GREE 2013},
    author = {Huang, Shufeng and Griffioen, James and Calvert, Kenneth L.},
    pages = {1--8},
    isbn = {9780769550039},
    doi = {10.1109/GREE.2013.10}
}

@misc{floodlight,
    title = {{Floodlight}},
    url = {http://www.projectfloodlight.org/Floodlight}
}

@article{Lin2013,
    title = {{Flow-and-VM migration for optimizing throughput and energy in SDN-based cloud datacenter}},
    year = {2013},
    journal = {Proceedings of the International Conference on Cloud Computing Technology and Science, CloudCom},
    author = {Lin, Wei Chu and Liao, Chien Hui and Kuo, Kuan Tsen and Wen, Charles H.P.},
    pages = {206--211},
    volume = {1},
    publisher = {IEEE},
    isbn = {9780769550954},
    doi = {10.1109/CloudCom.2013.35},
    issn = {23302186}
}

@article{FlowVisor-Sherwood2009,
    title = {{FlowVisor: A Network Virtualization Layer}},
    year = {2009},
    journal = {OpenFlow Switch Consortium, Tech. Rep},
    author = {Sherwood, Rob and Gibb, Glen and Yap, Kok-Kiong and Appenzeller, Guido and Casado, Martin and McKeown, Nick and Parulkar, Guru},
    pages = {1--13},
    url = {http://www.openflow.org/downloads/.../openflow-tr-2009-1-flowvisor.pdf\nhttp://www.techrepublic.com/whitepapers/flowvisor-a-network-virtualization-layer/2382721}
}

@article{Shin2013a,
    title = {{Fresco: Modular composable security services for software-defined networks}},
    year = {2013},
    journal = {Network and Distributed System Security},
    author = {Shin, S and Porras, P and Yegneswaran, V and Fong, M and Gu, G},
    number = {February},
    volume = {2},
    url = {http://www.csl.sri.com/users/vinod/papers/fresco.pdf papers3://publication/uuid/5A7E2F2B-FBAC-48CF-BDCE-0C4A1A4604FB}
}

@article{otrok1,
    title = {{Game theoretic models for detecting network intrusions}},
    year = {2008},
    journal = {Computer Communications},
    author = {Otrok, Hadi and Mehrandish, Mona and Assi, Chadi and Debbabi, Mourad and Bhattacharya, Prabir},
    number = {10},
    pages = {1934--1944},
    volume = {31},
    doi = {10.1016/j.comcom.2007.12.028},
    issn = {01403664},
    keywords = {Intrusion detection system, Network security, Non-cooperative game theory}
}

@article{ADVisor-Salvadori2012,
    title = {{Generalizing Virtual Network Topologies in OpenFlow-Based Networks}},
    year = {2012},
    author = {Salvadori, Elio and Corin, Roberto Doriguzzi},
    isbn = {9781424492688},
    keywords = {Generalizing Virtual Network Topologies in OpenFlo}
}

@article{GENI-Berman2014,
    title = {{GENI: A federated testbed for innovative network experiments}},
    year = {2014},
    journal = {Computer Networks},
    author = {Berman, Mark and Chase, Jeffrey S. and Landweber, Lawrence and Nakao, Akihiro and Ott, Max and Raychaudhuri, Dipankar and Ricci, Robert and Seskar, Ivan},
    number = {2014},
    pages = {5--23},
    volume = {61},
    publisher = {Elsevier B.V.},
    url = {http://dx.doi.org/10.1016/j.bjp.2013.12.037},
    doi = {10.1016/j.bjp.2013.12.037},
    issn = {13891286},
    keywords = {Distributed cloud computing, Future Internet, Future Internet testbeds, GENI, Next generation networking}
}

@inproceedings{getoffmucloud-Ristenpart2009,
    title = {{Hey, You, Get Off of My Cloud: Exploring Information Leakage in Third-Party Compute Clouds}},
    year = {2009},
    booktitle = {In Proceedings of the 16th ACM conference on Computer and communications security},
    author = {Ristenpart, Thomas and Tromer, Eran and Shacham, Hovav and Savage, Stefan},
    pages = {199--212},
    isbn = {9781605583525},
    keywords = {Experimentation Keywords Cloud computing, Measurement, Side channels, UNAUTHORIZED AC-CESS General Terms Security, Virtual machine security}
}

@article{Robelin2007,
    title = {{History-dependent bridge deck maintenance and replacement optimization with Markov decision processes}},
    year = {2007},
    journal = {Journal of Infrastructure Systems},
    author = {Robelin, Charles Antoine and Madanat, Samer M.},
    number = {3},
    pages = {195--201},
    volume = {13},
    doi = {10.1061/(ASCE)1076-0342(2007)13:3(195)},
    issn = {10760342},
    keywords = {Bridge decks, Bridge maintenance, Infrastructure, Markov process, Monte Carlo method, Optimization, Stochastic models}
}

@article{provrsurvey-sutcliff,
    title = {{Hoping for the Truth ‚Äì A Survey of the TPTP Logics}},
    author = {Sutcliffe, Geoff and Pelletier, Francis Jeffry},
    pages = {110--115},
    keywords = {General Conference Track}
}

@article{Blenk2015b,
    title = {{HyperFlex: An SDN virtualization architecture with flexible hypervisor function allocation}},
    year = {2015},
    journal = {Proceedings of the 2015 IFIP/IEEE International Symposium on Integrated Network Management, IM 2015},
    author = {Blenk, Andreas and Basta, Arsany and Kellerer, Wolfgang},
    pages = {397--405},
    isbn = {9783901882760},
    doi = {10.1109/INM.2015.7140316}
}

@article{EnhancedFV-Min2012,
    title = {{Implementation of an OpenFlow network virtualization for multi-controller environment}},
    year = {2012},
    journal = {14th International Conference on Advanced Communication Technology (ICACT)},
    author = {Min, Seokhong and Kim, S and Lee, Jaeyong and Kim, Byungchul},
    pages = {589--592},
    url = {http://ieeexplore.ieee.org/xpls/abs_all.jsp?arnumber=6174738},
    isbn = {9788955191639},
    issn = {1738-9445},
    keywords = {Future Internet, Network Virtualization, OpenFlow}
}

@article{incentivemtd-Zhang2012,
    title = {{Incentive compatible moving target defense against VM-colocation attacks in clouds}},
    year = {2012},
    journal = {IFIP Advances in Information and Communication Technology},
    author = {Zhang, Yulong and Li, Min and Bai, Kun and Yu, Meng and Zang, Wanyu},
    pages = {388--399},
    volume = {376 AICT},
    isbn = {9783642304354},
    doi = {10.1007/978-3-642-30436-1{\_}32},
    issn = {18684238},
    keywords = {Cloud computing, Moving target defence, VCG mechanism, VM migration}
}

@article{sallhammar2005,
    title = {{Incorporating Attacker Behavior in Stochastic Models of Security}},
    year = {2005},
    journal = {Security and Management},
    author = {SALLHAMMAR, Karin and HELVIK, Bjarne E. and KNAPSKOG, Svein J.},
    pages = {79--85}
}

@article{CompositionalHypervisor-Jin2014,
    title = {{Incremental Update for a Compositional SDN Hypervisor}},
    year = {2014},
    journal = {Proceedings of the Third Workshop on Hot Topics in Software Defined Networking},
    author = {Jin, Xin and Rexford, Jennifer and Walker, David},
    pages = {187--192},
    url = {http://dl.acm.org/citation.cfm?doid=2620728.2620731},
    isbn = {978-1-4503-2989-7},
    doi = {10.1145/2620728.2620731},
    keywords = {composition, hypervisor, network update, network virtualization, software-defined networking}
}

@techreport{ISO/IEC270012013,
    title = {{Information technology ‚Äî Security techniques ‚Äî Information security management systems ‚Äî Requirements.}},
    year = {2013},
    booktitle = {ISO/IEC},
    author = {{ISO/IEC 27001}},
    pages = {1--24}
}

@misc{iso-cia,
    title = {{Information Technology: Security Techniques: Code of Practice for Information Security Management.}},
    year = {2005},
    author = {International Organization for Standardization, & International Electrotechnical Commission.}
}

@article{Liu2015a,
    title = {{Inter-flow consistency: A novel SDN update abstraction for supporting inter-flow constraints}},
    year = {2015},
    journal = {2015 IEEE Conference on Communications and NetworkSecurity, CNS 2015},
    author = {Liu, Weijie and Bobba, Rakesh B. and Mohan, Sibin and Campbell, Roy H.},
    pages = {469--478},
    isbn = {9781467378765},
    doi = {10.1109/CNS.2015.7346859},
    keywords = {Network Security, Network Updates, Software Define}
}

@article{Bernardo2015,
    title = {{Introduction and analysis of SDN and NFV security architecture (SN-SECA)}},
    year = {2015},
    journal = {Proceedings - International Conference on Advanced Information Networking and Applications, AINA},
    author = {Bernardo, Danilo V. and Chua, Bee Bee},
    pages = {796--801},
    volume = {2015-April},
    isbn = {9781479979042},
    doi = {10.1109/AINA.2015.270},
    issn = {1550445X},
    keywords = {NFV, OpenFlow, Rewrite, SDN, SN-SECA, Security Architecture, Symbolic analysis}
}

@article{agah2004,
    title = {{Intrusion detection in sensor networks: A non-cooperative game approach}},
    year = {2004},
    journal = {Proceedings - Third IEEE International Symposium on Network Computing and Applications, NCA 2004},
    author = {Agah, Afrand and Das, Sajal K. and Basu, Kalyan and Asadi, Mehran},
    pages = {343--346},
    isbn = {0769522424},
    doi = {10.1109/NCA.2004.1347798}
}

@article{Bates2014,
    title = {{Let SDN Be Your Eyes: Secure Forensics in Data Center Networks}},
    year = {2014},
    journal = {Proceedings 2014 Workshop on Security of Emerging Networking Technologies},
    author = {Bates, Adam and Butler, Kevin and Haeberlen, Andreas and Sherr, Micah and Zhou, Wenchao},
    url = {http://www.internetsociety.org/doc/let-sdn-be-your-eyes-secure-forensics-data-center-networks},
    isbn = {1-891562-36-3},
    doi = {10.14722/sent.2014.23002}
}

@book{book-LP,
    title = {{Linear programming and network flows.}},
    year = {2011},
    author = {Bazaraa, M. S., Jarvis, J. J., {\&} Sherali, H. D.},
    editor = {{John Wiley {\&} Sons.}},
    isbn = {9780470462720}
}

@article{Stott1979,
    title = {{Linear programming for power-system network security applications}},
    year = {1979},
    journal = {IEEE Transactions on Power Apparatus and Systems},
    author = {Stott, B. and Marinho, J. L.},
    number = {3},
    pages = {837--848},
    volume = {PAS-98},
    doi = {10.1109/TPAS.1979.319296},
    issn = {00189510}
}

@article{Litevisor-Yang2018,
    title = {{LiteVisor: A network hypervisor to support flow aggregation and seamless network reconfiguration for VM migration in virtualized software-defined networks}},
    year = {2018},
    journal = {IEEE Access},
    author = {Yang, Gyeongsik and Yu, Bong Yeol and Kim, Seong Mun and Yoo, Chuck},
    pages = {65945--65959},
    volume = {6},
    publisher = {IEEE},
    doi = {10.1109/ACCESS.2018.2877416},
    issn = {21693536},
    keywords = {Computer network management, VM migration, network reconfiguration, network virtualization, software defined networking}
}

@article{M2D2-Morin2002,
    title = {{M2D2: A formal data model for IDS alert correlation}},
    year = {2002},
    journal = {Lecture Notes in Computer Science (including subseries Lecture Notes in Artificial Intelligence and Lecture Notes in Bioinformatics)},
    author = {Morin, Benjamin and M{\'{e}}, Ludovic and Debar, Herv√© and Ducass{\'{e}}, Mireille},
    pages = {115--137},
    volume = {2516},
    isbn = {3540000208},
    doi = {10.1007/3-540-36084-0{\_}7},
    issn = {16113349}
}

@article{M4D4-Morin2008,
    title = {{M4D4 : a Logical Framework to Support Alert Correlation in Intrusion Detection}},
    year = {2008},
    journal = {Elsevier},
    author = {Morin, Benjamin and Ducass, Mireille},
    number = {January 2008},
    keywords = {alert correlation, data model, intrusion detection}
}

@article{malicious-atya2017,
    title = {{Malicious co-residency on the cloud: Attacks and defense}},
    year = {2017},
    journal = {Proceedings - IEEE INFOCOM},
    author = {Atya, Ahmed and Qian, Zhiyun and Krishnamurthy, Srikanth V. and Porta, Thomas La and McDaniel, Patrick and Marvel, Lisa},
    isbn = {9781509053360},
    doi = {10.1109/INFOCOM.2017.8056951},
    issn = {0743166X}
}

@article{Merlin-Soule2013,
    title = {{Managing the network with Merlin}},
    year = {2013},
    author = {Soul{\'{e}}, Robert and Basu, Shrutarshi and Kleinberg, Robert and Sirer, Emin G√ºn and Foster, Nate},
    pages = {1--7},
    isbn = {9781450325967},
    doi = {10.1145/2535771.2535792},
    keywords = {delega-, merlin, program partitioning, software-defined networking, tion, verification}
}

@article{Ye2017a,
    title = {{Maximizing SDN control resource utilization via switch migration}},
    year = {2017},
    journal = {Computer Networks},
    author = {Ye, Xing and Cheng, Guozhen and Luo, Xingguo},
    pages = {69--80},
    volume = {126},
    publisher = {Elsevier B.V.},
    doi = {10.1016/j.comnet.2017.06.022},
    issn = {13891286},
    keywords = {Resource utilization, Scalability, Software-defined networks, Switch migrations}
}

@article{mdp-wang2015,
    title = {{MDPAS: Markov Decision Process Based Adaptive Security for Sensors in Internet of Things}},
    year = {2015},
    journal = {Genetic and Evolutionary Computing},
    author = {Wang, E. K. and Wu, T. Y. and Chen, C. M. and Ye, Y. and Zhang, Z. and Zou, F},
    pages = {389--397},
    volume = {329},
    isbn = {9783319122854},
    doi = {10.1007/978-3-319-12286-1},
    issn = {21945357},
    keywords = {adaptive security, aspect-oriented, markov decision process}
}

@article{Chades2014,
    title = {{MDPtoolbox: A multi-platform toolbox to solve stochastic dynamic programming problems}},
    year = {2014},
    journal = {Ecography},
    author = {Chad{\`{e}}s, Iadine and Chapron, Guillaume and Cros, Marie Jos√©e and Garcia, Fr√©d√©rick and Sabbadin, R√©gis},
    number = {9},
    pages = {916--920},
    volume = {37},
    doi = {10.1111/ecog.00888},
    issn = {16000587}
}

@article{context-orbac,
    title = {{Modelling contexts in the Or-BAC model}},
    year = {2003},
    journal = {Proceedings - Annual Computer Security Applications Conference, ACSAC},
    author = {Cuppens, Fr√©d√©ric and Mi{\`{e}}ge, Alexandre},
    pages = {416--425},
    volume = {2003-Janua},
    isbn = {0769520413},
    doi = {10.1109/CSAC.2003.1254346},
    issn = {10639527}
}

@article{Boutigny2018,
    title = {{Multi-provider secure virtual network embedding}},
    year = {2018},
    journal = {2018 9th IFIP International Conference on New Technologies, Mobility and Security, NTMS 2018 - Proceedings},
    author = {Boutigny, Fran√ßois and Betg{\'{e}}-Brezetz, St√©phane and Debar, Herv√© and Blanc, Gregory and Lavignotte, Antoine and Popescu, Ion},
    pages = {1--5},
    volume = {2018-Janua},
    isbn = {9781538636626},
    doi = {10.1109/NTMS.2018.8328706}
}

@article{mulval-Ou2013,
    title = {{MulVAL: A logic-based enterprise network security analyzer}},
    year = {2013},
    journal = {14th USENIX Security Symposium},
    author = {Ou, Xinming (Simon) and Boyer, Wayne F. and Zhang, Su},
    pages = {113--128},
    url = {https://www.usenix.org/legacy/events/sec05/tech/full_papers/ou/ou.pdf%0Ahttp://www.arguslab.org/mulval.html%0Ahttps://www.usenix.org/legacy/events/sec05/tech/full_papers/ou/ou.pdf}
}

@inproceedings{AICPub2006:2015,
    title = {{Natural Language Access to Data : It Takes Common Sense !}},
    year = {2015},
    booktitle = {Twelfth International Symposium on Logical Formalizations of Commonsense Reasoning},
    author = {Condoravdi, Cleo and Richardson, Kyle and Sikka, Vishal and Suenbuel, Asuman and Waldinger, Richard},
    editor = {Morgenstern, L and Patkos, T and Sloan, R},
    pages = {53--59},
    publisher = {Association for the Advancement of Artificial Intelligence},
    url = {https://www.aaai.org/ocs/index.php/SSS/SSS15/paper/viewFile/10325/10071},
    address = {Stanford University, Stanford, CA},
    isbn = {9781577357087}
}

@article{NetworkHypervisor-Huang2013,
    title = {{Network hypervisors: Managing the emerging SDN chaos}},
    year = {2013},
    journal = {Proceedings - International Conference on Computer Communications and Networks, ICCCN},
    author = {Huang, Shufeng and Griffioen, James},
    isbn = {9781467357746},
    doi = {10.1109/ICCCN.2013.6614160},
    issn = {10952055},
    keywords = {Network Hypervisors: Managing the Emerging SDN Cha}
}

@article{Ibn-Khedher2015,
    title = {{Network issues in virtual machine migration}},
    year = {2015},
    journal = {2015 International Symposium on Networks, Computers and Communications, ISNCC 2015},
    author = {Ibn-Khedher, Hatem and Abd-Elrahman, Emad and Afifi, Hossam and Forestier, Jacky},
    pages = {1--6},
    publisher = {IEEE},
    isbn = {9781467374675},
    doi = {10.1109/ISNCC.2015.7238579},
    keywords = {Mobility, NFV, QoS, SDN, Virtualization}
}

@phdthesis{Amarasinghe2019,
    title = {{Network Resource Management in Infrastructure-as-a-Service Clouds}},
    year = {2019},
    author = {Amarasinghe, Heli}
}

@article{Jain2013,
    title = {{Network virtualization and software defined networking for cloud computing: A survey}},
    year = {2013},
    journal = {IEEE Communications Magazine},
    author = {Jain, Raj and Paul, Subharthi},
    number = {11},
    pages = {24--31},
    volume = {51},
    isbn = {0163-6804 VO  - 51},
    doi = {10.1109/MCOM.2013.6658648},
    issn = {01636804}
}

@article{NVP-Koponen2014,
    title = {{Network Virtualization in Multi-tenant Datacenters}},
    year = {2014},
    journal = {Usenix Symposium on Networked Systems Design and Implementation},
    author = {Koponen, Teemu and Amidon, Keith and Balland, Peter and Casado, Mart√≠n and Chanda, Anupam and Ganichev, Igor and Gross, Jesse and Gude, Natasha and Ingram, Paul and Jackson, Ethan and Lenglet, Romain and Li, Shih-hao and Padmanabhan, Amar and Pettit, Justin and Pfaff, Ben and Ramanathan, Rajiv and Shenker, Scott and Computer, International and Shieh, Alan and Stribling, Jeremy and Thakkar, Pankaj and Yip, Alexander and Zhang, Ronghua and Nsdi, Implementation and Fulton, Bryan},
    isbn = {9781931971096}
}

@article{Chowdhury2009,
    title = {{Network virtualization: state of the art and research challenges}},
    year = {2009},
    journal = {Communications Magazine, IEEE},
    author = {Chowdhury, NM Mosharaf Kabir Boutaba, Raouf},
    number = {7},
    pages = {20--26},
    volume = {47},
    isbn = {0163-6804 VO - 47},
    doi = {10.1109/MCOM.2009.5183468},
    issn = {01636804},
    keywords = {Asynchronous transfer mode, Broadcasting, IP networks, Internet, Joining processes, Local area networks, Media Access Protocol, Packet switching, Spine, Switches, Virtual private networks, computer network management, gradual ossification problem, multiple heterogeneous network architecture, network management, network security, network virtualization, next-generation networking paradigm, physical substrate sharing, telecommunication security}
}

@misc{nicira,
    title = {{Nicira}}
}

@article{nomad-Moon2015b,
    title = {{Nomad : Mitigating Arbitrary Cloud Side Channels via Provider-Assisted Migration}},
    year = {2015},
    journal = {Ccs '15},
    author = {Moon, Soo-jin and Reiter, Michael K},
    number = {1},
    pages = {1595--1606},
    isbn = {9781450338325},
    doi = {10.1145/2810103.2813706},
    issn = {15437221},
    keywords = {cloud computing, cross-vm side-channel attacks, vm migration}
}

@incollection{nasheq,
    title = {{Non-cooperative games}},
    year = {1951},
    booktitle = {Annals of mathematics},
    author = {Nash, John Forbes},
    pages = {286--295}
}

@article{nox-gude2008,
    title = {{NOX: towards an operating system for networks}},
    year = {2008},
    journal = {ACM SIGCOMM Computer Communication Review},
    author = {Gude, Natasha and Koponen, Teemu and Pettit, Justin and Pfaff, Ben and Casado, Mart√≠n and McKeown, Nick and Shenker, Scott},
    number = {3},
    pages = {105},
    volume = {38},
    doi = {10.1145/1384609.1384625},
    issn = {0146-4833},
    keywords = {computer network, computer science, computer security, distributed computing, element management system, network information system, network management, network management application, network management station, network operating system, network security, network topology, operating system}
}

@article{ofdma-awad2008,
    title = {{OFDMA based two-hop cooperative relay network resources allocation}},
    year = {2008},
    journal = {IEEE International Conference on Communications},
    author = {Awad, Mohamad Khattar and Shen, Xuemin},
    number = {ii},
    pages = {4414--4418},
    isbn = {9781424420742},
    doi = {10.1109/ICC.2008.828},
    issn = {05361486},
    keywords = {OFDMA Based Two-Hop Cooperative Relay Network Reso}
}

@inproceedings{mdpcomplexity,
    title = {{On the Complexity of Solving Markov Decision Problems}},
    year = {1995},
    booktitle = {Proceedings of the Eleventh conference on Uncertainty in artificial intelligence},
    author = {Littman, Michael L. and Dean, Thomas L. and Kaelbling, Leslie Pack},
    pages = {394--402},
    url = {http://arxiv.org/abs/1302.4971},
    arxivId = {1302.4971}
}

@article{Papagianni2013,
    title = {{On the optimal allocation of virtual resources in cloud computing networks}},
    year = {2013},
    journal = {IEEE Transactions on Computers},
    author = {Papagianni, Chrysa and Leivadeas, Aris and Papavassiliou, Symeon and Maglaris, Vasilis and Cervell{\'{o}}-Pastor, Cristina and Monje, √Ålvaro},
    number = {6},
    pages = {1060--1071},
    volume = {62},
    isbn = {0018-9340},
    doi = {10.1109/TC.2013.31},
    issn = {00189340},
    keywords = {Federated infrastructures, cloud computing, quality of service, resource allocation, resource mapping, virtualization}
}

@article{Kurt2018,
    title = {{Online Cyber-Attack Detection in Smart Grid: A Reinforcement Learning Approach}},
    year = {2018},
    journal = {IEEE Transactions on Smart Grid},
    author = {Kurt, Mehmet Necip and Ogundijo, Oyetunji and Li, Chong and Wang, Xiaodong},
    number = {5},
    pages = {5174--5185},
    volume = {10},
    publisher = {IEEE},
    doi = {10.1109/TSG.2018.2878570},
    issn = {19493053},
    keywords = {Computational modeling, Kalman filter., Meters, Noise measurement, Probability density function, Smart grid, Smart grids, State estimation, Time measurement, cyber-attack, model-free reinforcement learning, online detection, partially observable Markov decision process (POMD}
}

@article{onos-Berde2014a,
    title = {{ONOS: Towards an Open, Distributed SDN OS}},
    year = {2014},
    journal = {Proceedings of the third workshop on Hot topics in software defined networking - HotSDN '14},
    author = {Berde, Pankaj and Gerola, Matteo and Hart, Jonathan and Higuchi, Yuta and Kobayashi, Masayoshi and Koide, Toshio and Lantz, Bob and Snow, William and Parulkar, Guru and O'Connor, Brian and Radoslavov, Pavlin},
    pages = {1--6},
    url = {http://dl.acm.org/citation.cfm?id=2620728.2620744},
    isbn = {9781450329897},
    doi = {10.1145/2620728.2620744},
    keywords = {challenges, controller, distributed controller, network hipervisor, network operating system, on, onos, openflow, sdn, software defined networking, to address the above, we have begun work}
}

@article{ONVisor-Han2018,
    title = {{ONVisor: Towards a scalable and flexible SDN-based network virtualization platform on ONOS}},
    year = {2018},
    journal = {International Journal of Network Management},
    author = {Han, Yoonseon and Vachuska, Thomas and Al-Shabibi, Ali and Li, Jian and Huang, Huibai and Snow, William and Hong, James Won Ki},
    number = {2},
    pages = {1--20},
    volume = {28},
    isbn = {2017201700163},
    doi = {10.1002/nem.2012},
    issn = {10991190}
}

@misc{openvswitch,
    title = {{Open vSwitch, ‚ÄúOpen vSwitch: Production quality, multilayer open virtual switch.‚Äù}},
    url = {http://www.openvswitch.org/}
}

@misc{opendaylight,
    title = {{OpenDaylight: Open Source Programmable Networking Platform}},
    year = {2015},
    url = {http://www.opendaylight.org/}
}

@misc{openflow-matchfields,
    title = {{Openflow based Switching}},
    author = {Hirannaiah, Radhika},
    url = {https://pt.slideshare.net/RadhikaHirannaiah/open-flowtutorial-seriesset1/}
}

@inproceedings{openflow_vulnassessment,
    title = {{OpenFlow Vulnerability Assessment}},
    year = {2013},
    booktitle = {Proceedings of the second ACM SIGCOMM workshop on Hot topics in software defined networking},
    author = {Benton, K. and Camp, L. J. and Small, C.},
    pages = {151--152}
}

@article{Openflow-McKeown2008,
    title = {{OpenFlow: Enabling Innovation in Campus Networks}},
    year = {2008},
    journal = {ACM SIGCOMM Computer Communication Review},
    author = {McKeown, Nick and Anderson, Tom and Balakrishnan, Hari and Parulkar, Guru and Peterson, Larry and Rexford, Jennifer and Shenker, Scott and Turner, Jonathan},
    number = {2},
    pages = {69},
    volume = {38},
    url = {http://portal.acm.org/citation.cfm?doid=1355734.1355746},
    isbn = {9780983628309},
    doi = {10.1145/1355734.1355746},
    issn = {01464833},
    keywords = {ethernet switch, flow-based, virtualization}
}

@article{Gember-Jacobson2014a,
    title = {{OpenNF}},
    year = {2014},
    journal = {ACM SIGCOMM Computer Communication Review},
    author = {Gember-Jacobson, Aaron and Viswanathan, Raajay and Prakash, Chaithan and Grandl, Robert and Khalid, Junaid and Das, Sourav and Akella, Aditya},
    number = {4},
    pages = {163--174},
    volume = {44},
    url = {http://dl.acm.org/citation.cfm?doid=2740070.2626313},
    isbn = {9781450328364},
    doi = {10.1145/2740070.2626313},
    issn = {01464833},
    arxivId = {arXiv:1305.0209},
    keywords = {middleboxes, network functions, software-defined networking}
}

@article{OpenVirteX-Al-Shabibi2014,
    title = {{OpenVirteX: Make Your Virtual SDNs Programmable}},
    year = {2014},
    journal = {Proceedings of the Third Workshop on Hot Topics in Software Defined Networking},
    author = {Al-Shabibi, Ali and De Leenheer, Marc and Gerola, Matteo and Koshibe, Ayaka and Parulkar, Guru and Salvadori, Elio and Snow, Bill},
    pages = {25--30},
    url = {http://doi.acm.org/10.1145/2620728.2620741},
    isbn = {978-1-4503-2989-7},
    doi = {10.1145/2620728.2620741},
    keywords = {address virtualization, control function virtualization, network virtualization, openflow, resiliency, software-defined network, topology virtualization, virtual links}
}

@misc{openvz,
    title = {{OpenVZ}},
    url = {http://openvz.org}
}

@inproceedings{monitoring-nash1977,
    title = {{Optimal allocation of tracking resources}},
    year = {1977},
    booktitle = {IEEE Conference on Decision and Control including the 16th Symposium on Adaptive Processes and A Special Symposium on Fuzzy Set Theory and Applications},
    author = {Nash, Jeffrey M},
    pages = {1177--1180}
}

@article{Bokani2015,
    title = {{Optimizing HTTP-Based Adaptive Streaming in Vehicular Environment Using Markov Decision Process}},
    year = {2015},
    journal = {IEEE Transactions on Multimedia},
    author = {Bokani, Ayub and Hassan, Mahbub and Kanhere, Salil and Zhu, Xiaoqing},
    number = {12},
    pages = {2297--2309},
    volume = {17},
    publisher = {IEEE},
    doi = {10.1109/TMM.2015.2494458},
    issn = {15209210},
    keywords = {Dynamic adaptive streaming over HTTP, Markov decision process (MDP), video streaming}
}

@article{Zaalouk2014,
    title = {{OrchSec: An orchestrator-based architecture for enhancing network-security using network monitoring and SDN control functions}},
    year = {2014},
    journal = {IEEE/IFIP NOMS 2014 - IEEE/IFIP Network Operations and Management Symposium: Management in a Software Defined World},
    author = {Zaalouk, Adel and Khondoker, Rahamatullah and Marx, Ronald and Bayarou, Kpatcha},
    isbn = {9781479909131},
    doi = {10.1109/NOMS.2014.6838409}
}

@article{orbac,
    title = {{Organization based access control}},
    year = {2003},
    journal = {Proceedings - POLICY 2003: IEEE 4th International Workshop on Policies for Distributed Systems and Networks},
    author = {Kalam, A. A.E. and Baida, R. E. and Balbiani, P. and Benferhat, S. and Cuppens, F. and Deswarte, Y. and Miege, A. and Saurel, C. and Trouessin, G.},
    pages = {120--131},
    isbn = {0769519334},
    doi = {10.1109/POLICY.2003.1206966}
}

@inproceedings{sdnteleportation-thimmaraju2017,
    title = {{Outsmarting Network Security with SDN Teleportation}},
    year = {2017},
    booktitle = {Proceedings - 2nd IEEE European Symposium on Security and Privacy, EuroS and P 2017},
    author = {Thimmaraju, Kashyap and Schiff, Liron and Schmid, Stefan},
    pages = {563--578},
    isbn = {9781509057610},
    doi = {10.1109/EuroSP.2017.21},
    arxivId = {1611.05362},
    keywords = {Backdoors, Covert Channels, Malicious Switch, Network Security, SDN, Security}
}

@inproceedings{P4,
    title = {{P4: Programming protocol-independent packet processors.}},
    year = {2014},
    booktitle = {ACM SIGCOMM Computer Communication Review},
    author = {Bosshart, P. and Daly, D. and Gibb, G. and Izzard, M. and McKeown, N. and Rexford, J. and Walker, D}
}

@article{Blenk2015,
    title = {{Pairing SDN with Network Virtualization : The Network Hypervisor Placement Problem}},
    year = {2015},
    author = {Blenk, Andreas and Basta, Arsany and Zerwas, Johannes and Kellerer, Wolfgang},
    isbn = {9781467368841},
    doi = {10.1109/NFV-SDN.2015.7387427}
}

@misc{planetlab,
    title = {{PlanetLab}}
}

@article{Chun2003d,
    title = {{PlanetLab: an Overlay Testbed for Broad-Coverage Services}},
    year = {2003},
    journal = {ACM SIGCOMM Computer Communication Review},
    author = {Chun, Brent and Culler, David and Roscoe, Timothy and Bavier, Andy and Peterson, Larry and Wawrzoniak, Mike and Bowman, Mic},
    number = {3},
    pages = {3--12},
    volume = {33},
    isbn = {0146-4833},
    doi = {10.1145/956993.956995},
    issn = {0146-4833}
}

@article{Hong2015,
    title = {{Poisoning Network Visibility in Software-Defined Networks: New Attacks and Countermeasures}},
    year = {2015},
    journal = {Proceedings 2015 Network and Distributed System Security Symposium},
    author = {Hong, Sungmin and Xu, Lei and Wang, Haopei and Gu, Guofei},
    number = {February},
    pages = {8--11},
    url = {http://www.internetsociety.org/doc/poisoning-network-visibility-software-defined-networks-new-attacks-and-countermeasures},
    isbn = {1-891562-38-X},
    doi = {10.14722/ndss.2015.23283},
    issn = {1364-5021},
    pmid = {12008922}
}

@inproceedings{charmet-nca2017,
    title = {{Preserving Confidentiality during the Migration of Virtual SDN Topologies: A Formal Approach}},
    year = {2017},
    booktitle = {IEEE International Symposium on Network Computing and Applications},
    author = {Charmet, Fabien and Waldinger, Richard and Blanc, Gregory and Kiennert, Christophe and Toumi, Khalifa},
    isbn = {9781538614655}
}

@article{vne-ordering,
    title = {{Presto: Towards efficient online virtual network embedding in virtualized cloud data centers}},
    year = {2016},
    journal = {Computer Networks},
    author = {Wang, Ting and Hamdi, Mounir},
    pages = {196--208},
    volume = {106}
}

@article{pof-song2013,
    title = {{Protocol-oblivious forwarding: unleash the power of SDN through a future-proof forwarding plane}},
    year = {2013},
    journal = {HotSDN '13},
    author = {Song, Haoyu},
    pages = {127--132},
    url = {http://dl.acm.org/citation.cfm?id=2491190},
    isbn = {9781450321785},
    doi = {10.1145/2491185.2491190},
    arxivId = {arXiv:1405.0060v1},
    keywords = {forwarding plane, openflow, pof, sdn}
}

@misc{protoGENI,
    title = {{ProtoGENI}},
    url = {http://www.protogeni.net/trac/ protogeni}
}

@article{pvflow-Li2018,
    title = {{PVFlow: Flow-Table Virtualization in POF-based vSDN Hypervisor (PVX)}},
    year = {2018},
    journal = {2018 International Conference on Computing, Networking and Communications, ICNC 2018},
    author = {Li, Shengru and Han, Kai and Huang, Huibai and Zhu, Zuqing},
    pages = {861--865},
    publisher = {IEEE},
    isbn = {9781538636527},
    doi = {10.1109/ICCNC.2018.8390375},
    keywords = {Flow-table virtualization, Network virtualization hypervisor, Protocol-oblivious forwarding (POF), Software-defined networking (SDN)}
}

@article{DPVisor-Huang2018a,
    title = {{Realizing Highly-Available, Scalable, and Protocol-Independent vSDN Slicing with a Distributed Network Hypervisor System}},
    year = {2018},
    journal = {IEEE Access},
    author = {Huang, Huibai and Niu, Bin and Tang, Shaofei and Li, Shengru and Zhao, Sicheng and Han, Kai and Zhu, Zuqing},
    pages = {13513--13522},
    volume = {6},
    publisher = {IEEE},
    doi = {10.1109/ACCESS.2018.2813405},
    issn = {21693536},
    keywords = {Software-defined networking (SDN), consistency model, distributed network hypervisor, network virtualization, protocol-oblivious forwarding (POF)}
}

@article{Thimmaraju2016,
    title = {{Reins to the Cloud: Compromising Cloud Systems via the Data Plane}},
    year = {2016},
    author = {Thimmaraju, Kashyap and Shastry, Bhargava and Fiebig, Tobias and Hetzelt, Felicitas and Seifert, Jean-Pierre and Feldmann, Anja and Schmid, Stefan},
    url = {http://arxiv.org/abs/1610.08717},
    arxivId = {1610.08717}
}

@article{Wang2013,
    title = {{Resource allocation and consolidation in a multi-core server cluster using a Markov decision process model}},
    year = {2013},
    journal = {Proceedings - International Symposium on Quality Electronic Design, ISQED},
    author = {Wang, Yanzhi and Chen, Shuang and Goudarzi, Hadi and Pedram, Massoud},
    pages = {635--642},
    publisher = {IEEE},
    isbn = {9781467349536},
    doi = {10.1109/ISQED.2013.6523677},
    issn = {19483287},
    keywords = {Cloud computing, Markov decision process, resource allocation, service level agreement}
}

@article{Liang2011,
    title = {{Resource allocation for security services in mobile cloud computing}},
    year = {2011},
    journal = {2011 IEEE Conference on Computer Communications Workshops, INFOCOM WKSHPS 2011},
    author = {Liang, Hongbin and Huang, Dijiang and Cai, Lin X. and Shen, Xuemin and Peng, Daiyuan},
    pages = {191--195},
    isbn = {9781457702488},
    doi = {10.1109/INFCOMW.2011.5928806}
}

@article{VNE-Yu2008,
    title = {{Rethinking virtual network embedding: Substrate support for path splitting and migration}},
    year = {2008},
    journal = {Computer Communication Review},
    author = {Yu, Minlan and Yi, Yung and Rexford, Jennifer and Chiang, Mung},
    number = {2},
    pages = {19--29},
    volume = {38},
    url = {http://links.isiglobalnet2.com/gateway/Gateway.cgi?GWVersion=2&SrcAuth=mekentosj&SrcApp=Papers&DestLinkType=FullRecord&DestApp=WOS&KeyUT=000255732000005%5Cnfile:///Users/tiagoferreto/Dropbox/Œ©Apps/Papers2/Articles/Yu/2008/Comput Commun Rev/Yu2008Comput Co},
    isbn = {0146-4833},
    doi = {10.1145/1355734.1355737},
    issn = {01464833},
    keywords = {network virtualization, optimization, path migra-, path splitting, tion, virtual network embedding}
}

@article{Rothenberg2012,
    title = {{Revisiting routing control platforms with the eyes and muscles of software-defined networking}},
    year = {2012},
    journal = {Proceedings of the first workshop on Hot topics in software defined networks - HotSDN '12},
    author = {Rothenberg, Christian Esteve and Nascimento, Marcelo Ribeiro and Salvador, Marcos Rogerio and Corr{\^{e}}a, Carlos Nilton Araujo and Cunha de Lucena, Sidney and Raszuk, Robert},
    pages = {13},
    url = {http://dl.acm.org/citation.cfm?id=2342441.2342445},
    isbn = {9781450314770},
    doi = {10.1145/2342441.2342445},
    keywords = {bgp, openflow, routing architecture, sdn, virtualization}
}

@article{Shin2014,
    title = {{Rosemary : A Robust , Secure , and High-Performance Network Operating System Categories and Subject Descriptors}},
    year = {2014},
    journal = {Ccs},
    author = {Shin, Seungwon and Lee, Taekyung and Lee, Sangho},
    isbn = {9781450329576},
    keywords = {controller robust-, openflow, sdn, software-defined network}
}

@article{scalablefailover-Li2014,
    title = {{Scalable failover method for data center networks using OpenFlow}},
    year = {2014},
    journal = {IEEE/IFIP NOMS 2014 - IEEE/IFIP Network Operations and Management Symposium: Management in a Software Defined World},
    author = {Li, Jian and Hyun, Jong Hwan and Yoo, Jae Hyoung and Baik, Seongbok and Hong, James Won Ki},
    pages = {1--6},
    publisher = {IEEE},
    isbn = {9781479909131},
    doi = {10.1109/NOMS.2014.6838393},
    keywords = {Data Center Network, Failover, Fat-Tree, OpenFlow}
}

@article{Drutskoy2013,
    title = {{Scalable Network Virtualization in Software-Defined Networks}},
    year = {2013},
    journal = {Internet Computing, IEEE},
    author = {Drutskoy, Dmitry and Keller, Eric and Rexford, Jennifer},
    number = {2},
    pages = {20--27},
    volume = {17},
    isbn = {1089-7801},
    doi = {10.1109/MIC.2012.144},
    issn = {1089-7801},
    keywords = {Aerospace electronics, Databases, Network topology, S}
}

@article{DeAssis2015,
    title = {{Scorpius: sFlow network anomaly simulator}},
    year = {2015},
    journal = {Journal of Computer Science},
    author = {De Assis, Marcos V.O. and Proen{\c{c}}a, Mario Lemes},
    number = {4},
    pages = {662--674},
    volume = {11},
    doi = {10.3844/jcssp.2015.662.674},
    issn = {15493636},
    keywords = {Anomaly, Flows, Network management, Scorpius, Simulation}
}

@article{Chowdhary2016,
    title = {{SDN based Scalable MTD solution in Cloud Network}},
    year = {2016},
    author = {Chowdhary, Ankur and Pisharody, Sandeep and Huang, Dijiang},
    pages = {27--36},
    isbn = {9781450345705},
    doi = {10.1145/2995272.2995274},
    keywords = {ag, attack graph, fense, moving target de-, mtd, sdn, software-defined networking}
}

@article{Scott-Hayward2013,
    title = {{SDN security: A survey}},
    year = {2013},
    journal = {SDN4FNS 2013 - 2013 Workshop on Software Defined Networks for Future Networks and Services},
    author = {Scott-Hayward, Sandra and O'Callaghan, Gemma and Sezer, Sakir},
    isbn = {9781479927814},
    doi = {10.1109/SDN4FNS.2013.6702553},
    issn = {1553-877X}
}

@article{Agarwal2014,
    title = {{SDN traceroute : Tracing SDN Forwarding without Changing Network Behavior}},
    year = {2014},
    journal = {HotSDN 2014},
    author = {Agarwal, Kanak and Carter, John and Dixon, Colin},
    pages = {145--150},
    isbn = {9781450329897},
    doi = {10.1145/2620728.2620756},
    keywords = {datacenter, network debugging, network management, software-defined net-, traceroute, working}
}

@article{sdncc,
    title = {{SDN-based cloud computing networking}},
    year = {2013},
    journal = {International Conference on Transparent Optical Networks},
    author = {Azodolmolky, Siamak and Wieder, Philipp and Yahyapour, Ramin},
    number = {JUNE},
    pages = {1--4},
    isbn = {9781479906826},
    doi = {10.1109/ICTON.2013.6602678},
    issn = {21627339},
    keywords = {cloud computing networking, infrastructure as a service, network calculus, network virtualization, performance evaluation, software-defined networking}
}

@article{Datacenters2014,
    title = {{SDN-based Live VM Migration Across Datacenters 2 . KEY CHALLENGES AND SOLUTIONS}},
    year = {2014},
    journal = {Sigcomm 2014},
    author = {Datacenters, Control Across},
    pages = {583--584},
    isbn = {9781450328364},
    keywords = {software defined, virtual machine migration}
}

@article{Albanese2014,
    title = {{Secure Cloud Computing}},
    year = {2014},
    journal = {Secure Cloud Computing},
    author = {Albanese, Massimiliano and Jajodia, Sushil and Jhawar, Ravi and Piuri, Vincenzo},
    pages = {239--259},
    url = {http://www.scopus.com/inward/record.url?eid=2-s2.0-84929935311&partnerID=tZOtx3y1},
    isbn = {978-1-4614-9277-1},
    doi = {10.1007/978-1-4614-9278-8}
}

@article{sgxmigration-Gu2017b,
    title = {{Secure Live Migration of SGX Enclaves on Untrusted Cloud}},
    year = {2017},
    journal = {Proceedings - 47th Annual IEEE/IFIP International Conference on Dependable Systems and Networks, DSN 2017},
    author = {Gu, Jinyu and Hua, Zhichao and Xia, Yubin and Chen, Haibo and Zang, Binyu and Guan, Haibing and Li, Jinming},
    pages = {225--236},
    isbn = {9781538605417},
    doi = {10.1109/DSN.2017.37}
}

@article{Li2017b,
    title = {{Securing SDN Infrastructure of IoT-Fog Networks from MitM Attacks}},
    year = {2017},
    journal = {IEEE Internet of Things Journal},
    author = {Li, Cheng and Qin, Zhengrui and Novak, Ed and Li, Qun},
    number = {5},
    pages = {1156--1164},
    volume = {4},
    doi = {10.1109/JIOT.2017.2685596},
    issn = {23274662},
    keywords = {Fog computing, Internet of Things (IoT), man-in-the-middle (MitM) attack, software-defined networking (SDN)}
}

@article{Akhunzada2015,
    title = {{Securing software defined networks: Taxonomy, requirements, and open issues}},
    year = {2015},
    journal = {IEEE Communications Magazine},
    author = {Akhunzada, Adnan and Ahmed, Ejaz and Gani, Abdullah and Khan, Muhammad Khurram and Imran, Muhammad and Guizani, Sghaier},
    number = {4},
    pages = {36--44},
    volume = {53},
    isbn = {0163-6804},
    doi = {10.1109/MCOM.2015.7081073},
    issn = {01636804}
}

@article{DaghmehchiFiroozjaei2017c,
    title = {{Security challenges with network functions virtualization}},
    year = {2017},
    journal = {Future Generation Computer Systems},
    author = {Daghmehchi Firoozjaei, Mahdi and Jeong, Jaehoon (Paul) and Ko, Hoon and Kim, Hyoungshick},
    pages = {315--324},
    volume = {67},
    publisher = {Elsevier B.V.},
    url = {http://dx.doi.org/10.1016/j.future.2016.07.002},
    doi = {10.1016/j.future.2016.07.002},
    issn = {0167739X},
    keywords = {Network functions virtualization, Network security, Security threats, Virtualized network function}
}

@article{Lefray2015,
    title = {{Security for Virtualized Distributed Systems : from Modelization to Deployment}},
    year = {2015},
    author = {Lefray, Arnaud}
}

@article{cloudenvironmentsecuritysurvey-fernandes2014,
    title = {{Security issues in cloud environments: A survey}},
    year = {2014},
    journal = {International Journal of Information Security},
    author = {Fernandes, Diogo A.B. and Soares, Liliana F.B. and Gomes, Jo√£o V. and Freire, M√°rio M. and In{\'{a}}cio, Pedro R.M.},
    number = {2},
    pages = {113--170},
    volume = {13},
    isbn = {1615-5262},
    doi = {10.1007/s10207-013-0208-7},
    issn = {16155270},
    pmid = {1509582502},
    keywords = {Cloud computing, Clouds, Issues, Security, Survey}
}

@article{Almohri2016,
    title = {{Security optimization of dynamic networks with probabilistic graph modeling and linear programming}},
    year = {2016},
    journal = {IEEE Transactions on Dependable and Secure Computing},
    author = {Almohri, Hussain M.J. and Watson, Layne T. and Yao, Danfeng and Ou, Xinming},
    number = {4},
    pages = {474--487},
    volume = {13},
    publisher = {IEEE},
    doi = {10.1109/TDSC.2015.2411264},
    issn = {15455971},
    keywords = {Network security, attack graph, optimization, probabilistic model, vulnerability analysis}
}

@article{CSP-Schneider1996,
    title = {{Security properties and CSP}},
    year = {1996},
    journal = {Security and Privacy, 1996. Proceedings., 1996 IEEE Symposium on},
    author = {Schneider, S},
    pages = {174--187},
    isbn = {0-8186-7417-2},
    doi = {10.1109/SECPRI.1996.502680},
    issn = {1081-6011},
    keywords = {Algebra, Authentication, CSP, CSP specifications, Debugging, Mechanical factors, Message passing, Safety, Security, authenticity, communicating sequential processes, confidentiality, formal verification, process algebra, protocols, security mechanisms, security of data, security properties, verification}
}

@article{safevne-bays2012,
    title = {{Security-aware optimal resource allocation for virtual network embedding}},
    year = {2012},
    journal = {2012 8Th International Conference on Network and Service Management (Cnsm) and 2012 Workshop on Systems Virtualiztion Management (Svm)},
    author = {Bays, L R and Oliveira, R R and Buriol, L S and Barcellos, M P and Gaspary, L P},
    pages = {378--384},
    isbn = {2165-9605 VO -},
    keywords = {Bandwidth, Cryptography, Resource management, Routing protocols, Substrates, computer network security, computer networks, embedded systems, network virtualization, resource allocation, security aware optimal resource allocation, security requirements, virtual network embedding, virtualisation}
}

@article{Xu2018,
    title = {{Security-Aware Resource Allocation with Delay Constraint for NOMA-Based Cognitive Radio Network}},
    year = {2018},
    journal = {IEEE Transactions on Information Forensics and Security},
    author = {Xu, Lei and Nallanathan, Arumugam and Pan, Xiaofei and Yang, Jian and Liao, Wenhe},
    number = {2},
    pages = {366--376},
    volume = {13},
    publisher = {IEEE},
    doi = {10.1109/TIFS.2017.2750106},
    issn = {15566013},
    keywords = {NOMA-based cognitive radio network, packet delay, security-aware resource allocation, successive convex approximation}
}

@article{Marsalek2018,
    title = {{SeDiCom : A Secure Distributed Privacy-Preserving Communication Platform}},
    year = {2018},
    journal = {14th International Conference on Information Systems Security (ICISS 2018), Bengaluru, India, December 16-20, 2018, Proceedings},
    author = {Marsalek, Alexander and Pr{\"{u}}nster, Bernd and Suzic, Bojan and Zefferer, Thomas},
    pages = {1--16},
    keywords = {blockchain, censorship-resistant, decentralized, messenger, non-repudiation, privacy preserving, secure data exchange}
}

@article{SlicesIsolator-El-Azzab2011,
    title = {{Slices isolator for a virtualized OpenFlow node}},
    year = {2011},
    journal = {Proceedings - 2011 1st International Symposium on Network Cloud Computing and Applications, NCCA 2011},
    author = {El-Azzab, Mohammed and Bedhiaf, Imen Limam and Lemieux, Yves and Cherkaoui, Omar},
    pages = {121--126},
    isbn = {9780769545509},
    doi = {10.1109/NCCA.2011.26}
}

@article{Rawat2017c,
    title = {{Software Defined Networking Architecture, Security and Energy Efficiency: A Survey}},
    year = {2017},
    journal = {IEEE Communications Surveys and Tutorials},
    author = {Rawat, Danda B. and Reddy, Swetha R.},
    number = {1},
    pages = {325--346},
    volume = {19},
    isbn = {1553-877X VO - 19},
    doi = {10.1109/COMST.2016.2618874},
    issn = {1553877X},
    keywords = {OpenFlow network, SDN security, Software defined network, energy efficiency, network virtualization}
}

@article{DoubleFV-Yin2013,
    title = {{Software defined virtualization platform based on double-FlowVisors in multiple domain networks}},
    year = {2013},
    journal = {2013 8th International ICST Conference on Communications and Networking in China, CHINACOM 2013 - Proceedings},
    author = {Yin, Xingbin and Huang, Shanguo and Wang, Shouyu and Wu, Di and Gao, Yuming and Niu, Xiaobing and Ren, Mingyan and Ma, Heng},
    number = {1},
    pages = {776--780},
    isbn = {9781479914067},
    doi = {10.1109/ChinaCom.2013.6694699},
    keywords = {double-FlowVisor, multiple domain network, network virtualization, software defined network}
}

@article{Thimmaraju2017,
    title = {{Software-Defined Adversarial Trajectory Sampling}},
    year = {2017},
    author = {Thimmaraju, Kashyap and Schiff, Liron and Schmid, Stefan},
    url = {http://arxiv.org/abs/1705.00370},
    arxivId = {1705.00370}
}

@article{FlowN-Drutskoy2012,
    title = {{Software-Defined Network Virtualization with FlowN}},
    year = {2012},
    author = {Drutskoy, Dmitry a},
    number = {June}
}

@article{Survey-Kreutz2014,
    title = {{Software-Defined Networking: A Comprehensive Survey}},
    year = {2014},
    journal = {arXiv preprint arXiv:1406.0440},
    author = {Kreutz, Diego and Ramos, Fernando M. V. and Verissimo, Paulo and Rothenberg, Christian Esteve and Azodolmolky, Siamak and Uhlig, Steve},
    pages = {1--62},
    url = {http://arxiv.org/abs/1406.0440},
    isbn = {0018-9219},
    doi = {10.1109/JPROC.2014.2371999},
    issn = {0018-9219},
    arxivId = {1406.0440}
}

@article{Sphinx-Dhawan2015,
    title = {{SPHINX: Detecting Security Attacks in Software-Defined Networks}},
    year = {2015},
    journal = {Ndss '15},
    author = {Dhawan, Mohan},
    number = {February},
    pages = {8--11},
    isbn = {189156238X},
    doi = {http://dx.doi.org/10.14722/ndss.2015.23064}
}

@article{SplendidIsolation-Gutz2012,
    title = {{Splendid isolation: a slice abstraction for software-defined networks}},
    year = {2012},
    journal = {HotSDN '12: Proceedings of the first workshop on Hot topics in software defined networks},
    author = {Gutz, Stephen and Story, Alec and Schlesinger, Cole and Foster, Nate},
    pages = {79--84},
    url = {http://dl.acm.org/citation.cfm?id=2342458\npapers2://publication/doi/10.1145/2342441.2342458},
    isbn = {9781450314770},
    doi = {10.1145/2342441.2342458},
    keywords = {frenetic, isolation, network, openflow, programming languages, software-defined networking}
}

@article{PVX-Li2017,
    title = {{SR-PVX: A Source Routing Based Network Virtualization Hypervisor to Enable POF-FIS Programmability in vSDNs}},
    year = {2017},
    journal = {IEEE Access},
    author = {Li, Shengru and Han, Kai and Huang, Huibai and Sun, Quanying and Liu, Junjie and Zhao, Sicheng and Zhu, Zuqing},
    pages = {7659--7666},
    volume = {5},
    publisher = {IEEE},
    doi = {10.1109/ACCESS.2017.2698724},
    issn = {21693536},
    keywords = {Software-defined networking (SDN), network virtualization, protocol-oblivious forwarding (POF)}
}

@inproceedings{stalling-atya2017,
    title = {{Stalling Live Migrations on the Cloud}},
    year = {2017},
    booktitle = {11th {\{}USENIX{\}} Workshop on Offensive Technologies ({\{}WOOT{\}} 17)},
    author = {Atya, Ahmed and Aqil, Azeem and Khalil, Karim and Krishnamurthy, Srikanth V and Porta, Thomas F La},
    number = {Llc}
}

@article{stealth-Achleitner2017a,
    title = {{Stealth migration: Hiding virtual machines on the network}},
    year = {2017},
    journal = {Proceedings - IEEE INFOCOM},
    author = {Achleitner, S. and Porta, T. La and McDaniel, P. and Krishnamurthy, S. V. and Poylisher, A. and Serban, C.},
    isbn = {9781509053360},
    doi = {10.1109/INFOCOM.2017.8057195},
    issn = {0743166X}
}

@article{Nguyen2009,
    title = {{Stochastic games for security in networks with interdependent nodes}},
    year = {2009},
    journal = {Proceedings of the 2009 International Conference on Game Theory for Networks, GameNets '09},
    author = {Nguyen, Kien C. and Alpcan, Tansu and Ba{\c{s}}ar, Tamer},
    pages = {697--703},
    isbn = {9781424441778},
    doi = {10.1109/GAMENETS.2009.5137463},
    arxivId = {1003.2440}
}

@article{Studnia2012,
    title = {{Survey of Security Problems in Cloud Computing Virtual Machines}},
    year = {2012},
    journal = {Proceedings of Computer and Electronics Security Applications Rendez-vous (C{\&}ESAR 2012)},
    author = {Studnia, Ivan and Alata, Eric and Deswarte, Yves and Ka{\^{a}}niche, Mohamed and Nicomette, Vincent},
    pages = {61--74},
    url = {http://hal.archives-ouvertes.fr/docs/00/76/12/06/PDF/cesar_paper71-version_publieI_e.pdf},
    keywords = {hypervisor, isolation enforcemen, isolation enforcement, virtual machine, virtualization-based monitoring, vulnerabilities}
}

@article{Blenk2015a,
    title = {{Survey on Network Virtualization Hypervisors for Software Defined Networking}},
    year = {2015},
    journal = {IEEE Communications Surveys {\&} Tutorials},
    author = {Blenk, Andreas and Basta, Arsany and Reisslein, Martin and Kellerer, Wolfgang},
    pages = {655--685},
    volume = {18},
    doi = {10.1109/COMST.2015.2489183},
    issn = {1553-877X},
    arxivId = {arXiv:1506.07275v1}
}

@article{Taxonomy_Hizver2015,
    title = {{Taxonomic Modelling of Security Threats in Software Defined Networking}},
    year = {2015},
    journal = {Blackhat Conference},
    author = {Hizver, Jennia},
    doi = {10.1109/SDN4FNS.2013.6702553}
}

@article{vsdnsecurity-Alharbi2019,
    title = {{The (In)Security of Virtualization in Software Defined Networks}},
    year = {2019},
    journal = {IEEE Access},
    author = {Alharbi, Talal and Portmann, Marius},
    pages = {66584--66594},
    volume = {7},
    doi = {10.1109/ACCESS.2019.2918101},
    issn = {21693536},
    keywords = {FlowVisor, ONOS, SDN, Software defined network, network virtualization, openVirteX, security}
}

@article{crosspath-cao2019,
    title = {{The CrossPath Attack : Disrupting the SDN Control Channel via Shared Links}},
    year = {2019},
    journal = {Usenix Security Symposium},
    author = {Cao, Jiahao and Li, Qi and Xie, Renjie and Sun, Kun and Gu, Guofei}
}

@article{Chandrasekaran2014,
    title = {{Tolerating SDN Application Failures with LegoSDN .}},
    year = {2014},
    journal = {HotSDN 2014},
    author = {Chandrasekaran, Balakrishnan and Benson, Theophilus},
    pages = {235--236},
    isbn = {9781450329897},
    doi = {10.1145/2620728.2620781},
    keywords = {fault tolerance, software-defined networking}
}

@article{topologydiscorvery-survey-Khan2017,
    title = {{Topology Discovery in Software Defined Networks: Threats, Taxonomy, and State-of-the-Art}},
    year = {2017},
    journal = {IEEE Communications Surveys and Tutorials},
    author = {Khan, Suleman and Gani, Abdullah and Abdul Wahab, Ainuddin Wahid and Guizani, Mohsen and Khan, Muhammad Khurram},
    number = {1},
    pages = {303--324},
    volume = {19},
    isbn = {978-1-4799-5255-7},
    doi = {10.1109/COMST.2016.2597193},
    issn = {1553877X},
    keywords = {Topology discovery, controller visibility, software defined networks security, topology poisoning, vulnerabilities}
}

@article{Basta2015,
    title = {{Towards a Dynamic SDN Virtualization Layer: A Control Plane Migration Protocol}},
    year = {2015},
    author = {Basta, Arsany and Blenk, Andreas and Hassine, Hassib Belhaj and Kellerer, Wolfgang},
    isbn = {9783901882777}
}

@article{AutoSlice2-Bozakov2014,
    title = {{Towards a scalable software-defined network virtualization platform}},
    year = {2014},
    journal = {IEEE/IFIP NOMS 2014 - IEEE/IFIP Network Operations and Management Symposium: Management in a Software Defined World},
    author = {Bozakov, Zdravko and Papadimitriou, Panagiotis},
    isbn = {9781479909131},
    doi = {10.1109/NOMS.2014.6838411}
}

@article{toward-Ghorbani2014,
    title = {{Towards correct network virtualization}},
    year = {2014},
    journal = {ACM SIGCOMM Computer Communication Review},
    author = {Ghorbani, Soudeh and Godfrey, Brighten},
    number = {4},
    pages = {99},
    volume = {44},
    url = {http://dl.acm.org/citation.cfm?doid=2740070.2620754},
    isbn = {9781450329897},
    doi = {10.1145/2620728.2620754},
    issn = {01464833},
    keywords = {correctness, network virtualization, one big switch}
}

@article{Kreutz2013,
    title = {{Towards secure and dependable software-defined networks}},
    year = {2013},
    journal = {Proceedings of the second ACM SIGCOMM workshop on Hot topics in software defined networking - HotSDN '13},
    author = {Kreutz, Diego and Ramos, Fernando M.V. and Verissimo, Paulo},
    pages = {55},
    url = {http://dl.acm.org/citation.cfm?doid=2491185.2491199},
    isbn = {9781450321785},
    doi = {10.1145/2491185.2491199},
    keywords = {controllers, dependability, sdn, security, threat vectors}
}

@article{You2014,
    title = {{Towards Security in Virtualization of SDN}},
    year = {2014},
    journal = {Proceedings of the International Conference on Computer Communications and Networks Security, ser. ICCCNS},
    author = {You, Wanqing and Qian, Kai and He, Xi and Qian, Ying},
    volume = {8},
    keywords = {flowvisor, network virtualization, potential threats}
}

@article{sdnvirtarchi-blenk2019,
    title = {{Towards Virtualization of Software-Defined Networks : A Journey in Three Acts}},
    year = {2019},
    journal = {2019 IFIP/IEEE Symposium on Integrated Network and Service Management (IM)},
    author = {Blenk, Andreas},
    pages = {677--682},
    publisher = {IFIP},
    isbn = {9783903176157}
}

@article{Lime-Ghorbani2014,
    title = {{Transparent, live migration of a software-defined network}},
    year = {2014},
    journal = {Proceedings of the 5th ACM Symposium on Cloud Computing, SOCC 2014},
    author = {Ghorbani, S and Schlesinger, C and Monaco, M and Keller, E and Caesar, M and Rexford, J and Walker, D},
    url = {https://www.scopus.com/inward/record.uri?eid=2-s2.0-84912137653&partnerID=40&md5=95a14a67b9a565e333a5027c6327aa33},
    isbn = {978-1-4503-3252-1},
    doi = {10.1145/2670979.2670982}
}

@incollection{complexnetworks,
    title = {{Unraveling the Complexity of Network Management}},
    year = {2009},
    booktitle = {NSDI},
    author = {Benson, Theophilus and Akella, Aditya and Maltz, David A},
    pages = {335--348}
}

@article{transportation-wey2007,
    title = {{Using ANP priorities with goal programming in resource allocation in transportation}},
    year = {2007},
    journal = {Mathematical and Computer Modelling},
    author = {Wey, Wann Ming and Wu, Kuei Yang},
    number = {7-8},
    pages = {985--1000},
    volume = {46},
    doi = {10.1016/j.mcm.2007.03.017},
    issn = {08957177},
    keywords = {Analytic network process (ANP), Fuzzy Delphi, Interdependence, Multi-criteria, Transportation infrastructure project, Zero-one goal programming (ZOGP)}
}

@article{validation-naylor1967,
    title = {{Verification of Computer Simulation Models}},
    year = {1967},
    journal = {Management Science},
    author = {Naylor, Thomas H. and Finger, J. M.},
    number = {2},
    pages = {B-92-B-101},
    volume = {14},
    url = {http://pubsonline.informs.org/doi/abs/10.1287/mnsc.14.2.B92},
    isbn = {0025-1909},
    doi = {10.1287/mnsc.14.2.B92},
    issn = {0025-1909},
    pmid = {4233829}
}

@article{VeRTIGO-Corin2012a,
    title = {{VeRTIGO: Network virtualization and beyond}},
    year = {2012},
    journal = {Proceedings - European Workshop on Software Defined Networks, EWSDN 2012},
    author = {Corin, Roberto Doriguzzi and Gerola, Matteo and Riggio, Roberto and De Pellegrini, Francesco and Salvadori, Elio},
    pages = {24--29},
    isbn = {9780769548708},
    doi = {10.1109/EWSDN.2012.19},
    issn = {2379-0350},
    keywords = {Network Virtualization, OpenFlow, Software Defined Network}
}

@article{Rehman2013,
    title = {{Virtual machine security challenges: case studies}},
    year = {2013},
    journal = {International Journal of Machine Learning and Cybernetics},
    author = {Rehman, Amjad and Alqahtani, Sultan and Altameem, Ayman and Saba, Tanzila},
    number = {5},
    pages = {729--742},
    volume = {5},
    doi = {10.1007/s13042-013-0166-4},
    issn = {1868808X},
    keywords = {Threats, Virtual machine security, Virtual machines, Virtualization}
}

@article{VNESurvey-Fischer2013,
    title = {{Virtual Network Embedding: A Survey}},
    year = {2013},
    journal = {IEEE Communications Surveys Tutorials},
    author = {Fischer, Andreas and Botero, Juan Felipe and Beck, Michael Till and De Meer, Hermann and Hesselbach, Xavier},
    number = {4},
    pages = {1888--1906},
    volume = {15},
    doi = {10.1109/SURV.2013.013013.00155},
    issn = {1553-877X},
    keywords = {Internet, VNE algorithms, classificat, virtualisation}
}

@inproceedings{Thimmaraju2018,
    title = {{Virtual Network Isolation: Are We There Yet?}},
    year = {2018},
    booktitle = {SIGCOMM WKSP '18},
    author = {Thimmaraju, Kashyap and R{\'{e}}tv{\'{a}}ri, G√°bor and Schmid, Stefan},
    url = {https://www.net.t-labs.tu-berlin.de/~stefan/secson18.pdf},
    isbn = {9781450359122},
    doi = {10.1145/nnnnnnn.nnnnnnn},
    keywords = {Cloud Security, Co-location, Data Plane Security, Disaggregation, NFV, Network Isolation, Network Virtualization, Open vSwitch, Packet Parsing, SDN, SR-IOV, Smart NIC, Virtual Switches, cloud security, co-location, data plane security, disaggregation, network isolation, network virtualization, nfv, open vswitch, packet parsing, sdn, smart nic, sr-iov, virtual switches}
}

@article{Lo2014,
    title = {{Virtual network migration on real infrastructure: A PlanetLab case study}},
    year = {2014},
    journal = {2014 IFIP Networking Conference, IFIP Networking 2014},
    author = {Lo, Samantha and Ammar, Mostafa and Zegura, Ellen and Fayed, Marwan},
    isbn = {9783901882586},
    doi = {10.1109/IFIPNetworking.2014.6857111}
}

@article{Zhao2017,
    title = {{Virtual Network Migration on the GENI Wide-Area SDN-Enabled Infrastructure}},
    year = {2017},
    author = {Zhao, Yimeng and Lo, Samantha and Zegura, Ellen and Riga, Niky and Ammar, Mostafa},
    url = {http://arxiv.org/abs/1701.01702},
    arxivId = {1701.01702}
}

@article{VROOM-Wang2008,
    title = {{Virtual routers on the move: live router migration as a network-management primitive}},
    year = {2008},
    journal = {ACM SIGCOMM Computer Communication Review},
    author = {Wang, Yi and Keller, Eric and Biskeborn, Brian and Merwe, Jacobus Van Der and Rexford, Jennifer},
    number = {4},
    pages = {11},
    volume = {38},
    url = {http://portal.acm.org/citation.cfm?id=1402985},
    isbn = {9781605581750},
    doi = {10.1145/1402946.1402985},
    issn = {0146-4833},
    keywords = {architecture, internet, migration, routing, virtual router}
}

@article{Sahoo2010,
    title = {{Virtualization: A survey on concepts, taxonomy and associated security issues}},
    year = {2010},
    journal = {2nd International Conference on Computer and Network Technology, ICCNT 2010},
    author = {Sahoo, Jyotiprakash and Mohapatra, Subasish and Lath, Radha},
    pages = {222--226},
    isbn = {9780769540429},
    doi = {10.1109/ICCNT.2010.49},
    keywords = {Hypervisor, Security, Threats, VMM, Virtualization}
}

@article{Netvirt_Definition-Casado2010,
    title = {{Virtualizing the network forwarding plane}},
    year = {2010},
    journal = {Proceedings of the Workshop on Programmable Routers for Extensible Services of Tomorrow - PRESTO '10},
    author = {Casado, Mart√≠n and Koponen, Teemu and Ramanathan, Rajiv and Shenker, Scott},
    pages = {1},
    url = {http://portal.acm.org/citation.cfm?doid=1921151.1921162},
    isbn = {9781450304672},
    doi = {10.1145/1921151.1921162}
}

@misc{vnesimulator,
    title = {{VNE Simulator}},
    url = {http://www.cs.princeton.edu/~minlanyu/embed.tar.gz}
}

@article{Costa2015,
    title = {{Vulnerabilities and solutions for isolation in FlowVisor-based virtual network environments}},
    year = {2015},
    journal = {Journal of Internet Services and Applications},
    author = {Costa, Victor T and Costa, Lu√≠s Henrique M K},
    number = {18},
    pages = {9},
    volume = {6},
    publisher = {Journal of Internet Services and Applications},
    url = {http://dx.doi.org/10.1186/s13174-015-0034-4},
    doi = {10.1186/s13174-015-0034-4},
    issn = {1867-4828},
    keywords = {FlowVisor, Network virtualization, OpenFlow, Resource isolation, Security, flowvisor, network virtualization, openflow, resource isolation, security}
}

@article{vulnflow-Costa2013,
    title = {{Vulnerability Study of FlowVisor-based Virtualized Network Environments}},
    year = {2013},
    journal = {2nd Workshop Network Virtualization Intelligence Future Internet, Rio de Janeiro, Brazil},
    author = {Costa, Victor T and Costa, Henrique M K},
    pages = {6994},
    volume = {6994}
}

@article{whitevisor-Yu2019,
    title = {{White Visor: Support of White-Box Switch in SDN-Based Network Hypervisor}},
    year = {2019},
    journal = {International Conference on Information Networking},
    author = {Yu, Bong Yeol and Yang, Gyeongsik and Jin, Heesang and Yoo, Chuck},
    pages = {242--247},
    volume = {2019-Janua},
    publisher = {IEEE},
    isbn = {9781538683507},
    doi = {10.1109/ICOIN.2019.8718167},
    issn = {19767684},
    keywords = {Network virtualization, Software-defined networking, White-box switch}
}

@article{wirelessvirt-moubayed2015,
    title = {{Wireless Resource Virtualization With Device-to-Device}},
    year = {2015},
    author = {Moubayed, Abdallah and Shami, Abdallah and Lutfiyya, Hanan},
    number = {4},
    pages = {734--740},
    volume = {61}
}

@article{icache-Aciicmez2007,
    title = {{Yet another microarchitectural attack:: exploiting I-cache}},
    year = {2007},
    journal = {Csaw},
    author = {Acii{\c{c}}mez, O},
    pages = {11--18},
    url = {http://dl.acm.org/citation.cfm?id=1314469},
    isbn = {9781595938909},
    doi = {10.1145/1314466.1314469},
    issn = {15437221},
    keywords = {exponentiation, instruction cache, microarchitectural analysis, modular, montgomery multiplication, rsa, side chan-}
}